% -------------------------------------------------------------------------------
% icra2011
% -------------------------------------------------------------------------------
@string{IEEETIP = {IEEE Transactions on Image Processing}}
% -------------------------------------------------------------------------------
% acs2012a
% -------------------------------------------------------------------------------
@string{ICRA = {Proceedings of the {IEEE} International Conference on Robotics and
		Automation}}
@string{AIJ = {Artificial Intelligence}}
@string{JRSSB = {Journal of the Royal Statistical Society B}}
@string{Cognition = {Cognition}}
@string{IEEECVPR = {Proceedings of the 2009 {IEEE} Conference on Computer Vision and
 		    Pattern Recognition}}
@string{IEEEPAMI = {{IEEE} Transactions on Pattern Analysis and Machine Intelligence}}
@string{ECCV = {European Conference on Computer Vision}}
@string{IEEEICCV = {{IEEE} International Conference on Computer Vision}}

% -------------------------------------------------------------------------------
% cvpr2013
% -------------------------------------------------------------------------------
@string{ACCV     = {Asian Conference on Computer Vision}}
@string{CVIU     = {Computer Vision and Image Understanding}}
@string{CVPR     = {{IEEE} Conference on Computer Vision and Pattern Recognition}}
%@string{ECCV     = {European Conference on Computer Vision}}
@string{EMMCVPR  = {International Workshop on Energy Minimization Methods in Computer Vision and Pattern Recognition}}
@string{ICASSP   = {IEEE International Conference on Acoustics, Speech and Signal Processing}}
@string{ICCV     = {International Conference on Computer Vision}}
@string{ICPR     = {International Conference on Pattern Recognition}}
@string{NIPS     = {Neural Information Processing Systems Conference}}
@string{IEEEIP   = {{IEEE} Transactions on Image Processing}}
@string{IEEEMI   = {{IEEE} Transactions on Medical Imaging}}
%@string{IEEEPAMI = {{IEEE} Transactions on Pattern Analysis and Machine Intelligence}}
@string{IJCV     = {International Journal of Computer Vision}}
@string{PROCIEEE = {Proceedings of {IEEE}}}
@string{BMVC     = {British Machine Vision Conference}}
% -------------------------------------------------------------------------------
% nips2013e
% -------------------------------------------------------------------------------
%
%      addresses
%
@string{CLSIAddress = {Rockville, {MD}}}
@string{IBMYorktownAddress = {Yorktown Heights, {NY}}}
@string{SRIAddress = {Menlo Park, {CA}}}
@string{UMDAddress = {College Park, {MD}}}
@string{WaterlooAddress = {Waterloo, Ontario}}
@string{BBNAddress = {Cambridge, {MA}}}
@string{MPIAddress = {Nijmegen, The Netherlands}}
@string{MITAddress = {Cambridge, {MA}}}
%
%      publisher addresses
%
@string{PrenticeHallAddress = {Englewood Cliffs, {NJ}}}
@string{MorganKaufmannAddress = {San Mateo, {CA}}}
@string{MacmillanAddress = {New York, {NY}}}
@string{MITPressAddress = {Cambridge, {MA}}}
@string{KluwerAddress = {Norwell, {MA}}}
@string{HoughtonMifflinAddress = {Boston, {MA}}}
@string{LEAAddress = {Mahwah, {NJ}}} % was Hillsdale
@string{FreemanAddress = {San Fransisco, {CA}}}
@string{NorthHollandAddress = {Amsterdam}}
@string{WileyAddress = {New York, {NY}}}
@string{NortonAddress = {New York, {NY}}}
@string{AblexAddress = {Norwood, {NJ}}}
@string{HeinemannAddress = {Portsmouth, {NH}}}
@string{EllisHorwoodAddress = {Chichester}}
@string{AcademicPressAddress = {New York, {NY}}}
@string{PlenumAddress = {New York, {NY}}}
@string{ReidelAddress = {Boston, {MA}}}
@string{CUPAddress = {New York, {NY}}}
@string{OUPAddress = {New York, {NY}}}
@string{CornellUniversityPressAddress = {Ithaca, {NY}}}
@string{SingularAddress = {San Diego, {CA}}}
@string{HUPAddress = {Cambridge, {MA}}}
%
%      conference addresses
%
@string{ACL90Address = {Pittsburgh, {PA}}}
@string{AAAI80Address = {Palo Alto, {CA}}}
@string{AAAI87Address = {Seattle, {WA}}}
@string{AAAI90Address = {Boston, {MA}}}
@string{AAAI94Address = {Seattle, {WA}}}
@string{AAAI97Address = {Providence, {RI}}}
@string{AAAI2000Address = {Austin, {TX}}}
@string{AAAI2002Address = {Edmonston, Alberta}}
@string{IJCAI77Address = {Cambridge, {MA}}}
@string{IJCAI79Address = {Tokyo}}
@string{IJCAI81Address = {Vancouver, {BC}}}
@string{IJCAI83Address = {Karlsruhe}}
@string{IJCAI85Address = {Los Angeles, {CA}}}
@string{IJCAI93Address = {Chamb\'{e}ry. France}}
@string{IJCAI95Address = {Montreal, Canada}}
@string{ICAD5Address = {Les Arcs, France}}
@string{ICAD7Address = {Napa, {CA}}}
@string{ICALP13Address = {Rennes, France}}
@string{ECCV96Address = {Cambridge, {UK}}}
@string{ECCV2008Address = {Marseille, {France}}}
@string{CVPR93Address = {New York, {NY}}}
@string{CVPR94Address = {Seattle, {WA}}}
@string{CVPR98Address = {Santa Barbara, {CA}}}
@string{CVPR2000Address = {South Carolina}}
@string{CVPR2001Address = {Hawaii}}
@string{CVPR2007Address = {Minneapolis, {MN}}}
@string{CVPR2010Address = {San Francisco, {CA}}}
@string{CVPR2011Address = {Colorado Springs, {CO}}}
@string{AFGR96Address = {Killington, {VT}}}
@string{ICCV99Address = {Corfu, {Greece}}}
@string{ICCV2001Address = {Vancouver, {BC}}}
@string{ICCV2005Address = {Beijing, {China}}}
@string{ICCV2007Address = {Rio de Janeiro, {Brazil}}}
@string{ICPR2002Address = {Quebec City, {Canada}}}
@string{ICASP2009Address = {Taipei, {Taiwan}}}
@string{NIPS2003Address = {Vancouver, {Canada}}}
@string{ACCV2010Address = {Queenstown, {New Zealand}}}
%
%      books
%
@string{ImplementationsOfProlog = {Implementations of {\Prolog}}}
@string{LogicProgramming = {Logic Programming}}
@string{ComputerApplications1960 = {Computer Applications---1960}}
%
%      conference proceedings
%
@string{ACL86 = {Proceedings of the Twenty-Fourth Annual
		 Meeting of the Association for Computational Linguistics}}
@string{ACL87 = {Proceedings of the Twenty-Fifth Annual
		 Meeting of the Association for Computational Linguistics}}
@string{ACL88 = {Proceedings of the Twenty-Sixth Annual
		 Meeting of the Association for Computational Linguistics}}
@string{ACL89 = {Proceedings of the Twenty-Seventh Annual
		 Meeting of the Association for Computational Linguistics}}
@string{ACL90 = {Proceedings of the Twenty-Eighth Annual
		 Meeting of the Association for Computational Linguistics}}
@string{ACL91 = {Proceedings of the Twenty-Ninth Annual
		 Meeting of the Association for Computational Linguistics}}
@string{ACL92 = {Proceedings of the Thirtieth Annual
		 Meeting of the Association for Computational Linguistics}}
@string{CUNY93 = {Proceedings of the Sixth Annual
		  CUNY Sentence Processing Conference}}
@string{SPIE93 = {Proceedings of the Annual Conference of the Society of
		  Photo-Optical Instrumentation Engineers}}
@string{AAAI80 = {Proceedings of {AAAI-80}}}
@string{AAAI87 = {Proceedings of {AAAI-87}}}
@string{AAAI88 = {Proceedings of the Seventh National Conference on
		  Artificial Intelligence}}
@string{AAAI90 = {Proceedings of the Eighth National Conference on
		  Artificial Intelligence}}
@string{AAAI91 = {Proceedings of the Ninth National Conference on
		  Artificial Intelligence}}
@string{AAAI93 = {Proceedings of the Eleventh National Conference on
		  Artificial Intelligence}}
@string{AAAI94 = {Proceedings of the Twelfth National Conference on
		  Artificial Intelligence}}
@string{AAAI97 = {Proceedings of the Fourteenth National Conference on
		  Artificial Intelligence}}
@string{AAAI99 = {Proceedings of the Sixteenth National Conference on
		  Artificial Intelligence}}
@string{AAAI2000 = {Proceedings of the Seventeenth National Conference on
		    Artificial Intelligence}}
@string{AAAI2002 = {Proceedings of the Eighteenth National Conference on
		    Artificial Intelligence}}
@string{AAAI2012 = {Proceedings of the Twenty-Sixth National Conference on
		    Artificial Intelligence}}
@string{CogSci87 = {Proceedings of the {$9^{\mbox{\scriptsize\em th}}$} Annual
		    Conference of the Cognitive Science Society}}
@string{CogSci88 = {Proceedings of the {$10^{\mbox{\scriptsize\em th}}$}
		    Annual Conference of the Cognitive Science Society}}
@string{CogSci89 = {Proceedings of the {$11^{\mbox{\scriptsize\em th}}$}
		    Annual Conference of the Cognitive Science Society}}
@string{CogSci90 = {Proceedings of the {$12^{\mbox{\scriptsize\em th}}$}
		    Annual Conference of the Cognitive Science Society}}
@string{CogSci91 = {Proceedings of the {$13^{\mbox{\scriptsize\em th}}$}
		    Annual Conference of the Cognitive Science Society}}
@string{CogSci92 = {Proceedings of the {$14^{\mbox{\scriptsize\em th}}$}
		    Annual Conference of the Cognitive Science Society}}
@string{CogSci93 = {Proceedings of the {$15^{\mbox{\scriptsize\em th}}$}
		    Annual Conference of the Cognitive Science Society}}
@string{CogSci94 = {Proceedings of the {$16^{\mbox{\scriptsize\em th}}$}
		    Annual Conference of the Cognitive Science Society}}
@string{CogSci95 = {Proceedings of the {$17^{\mbox{\scriptsize\em th}}$}
		    Annual Conference of the Cognitive Science Society}}
@string{CogSci96 = {Proceedings of the {$18^{\mbox{\scriptsize\em th}}$}
		    Annual Conference of the Cognitive Science Society}}
@string{CogSci97 = {Proceedings of the {$19^{\mbox{\scriptsize\em th}}$}
		    Annual Conference of the Cognitive Science Society}}
@string{CogSci98 = {Proceedings of the {$20^{\mbox{\scriptsize\em th}}$}
		    Annual Conference of the Cognitive Science Society}}
@string{IJCAI69 = {Proceedings of the First International Joint Conference
		   on Artificial Intelligence}}
@string{IJCAI77 = {Proceedings of the Fifth International Joint Conference
		   on Artificial Intelligence}}
@string{IJCAI79 = {Proceedings of the Sixth International Joint Conference
		   on Artificial Intelligence}}
@string{IJCAI81 = {Proceedings of the Seventh International Joint Conference
		   on Artificial Intelligence}}
@string{IJCAI83 = {Proceedings of the Eighth International Joint Conference
		   on Artificial Intelligence}}
@string{IJCAI85 = {Proceedings of the Ninth International Joint Conference
		   on Artificial Intelligence}}
@string{IJCAI87 = {Proceedings of the Tenth International Joint Conference
		   on Artificial Intelligence}}
@string{IJCAI89 = {Proceedings of the Eleventh International Joint Conference
		   on Artificial Intelligence}}
@string{IJCAI91 = {Proceedings of the Twelfth International Joint Conference
		   on Artificial Intelligence}}
@string{IJCAI93 = {Proceedings of the Thirteenth International Joint Conference
		   on Artificial Intelligence}}
@string{IJCAI95 = {Proceedings of the Fourteenth International Joint Conference
		   on Artificial Intelligence}}
@string{IJCAI2001 = {Proceedings of the Seventeenth International Joint
		     Conference on Artificial Intelligence}}
@string{SLP2 = {Proceedings of the Second {IEEE} Symposium on Logic
		Programming}}
@string{SLP3 = {Proceedings of the Third {IEEE} Symposium on Logic
		Programming}}
@string{SLP4 = {Proceedings of the Fourth {IEEE} Symposium on Logic
		Programming}}
@string{SLP5 = {Proceedings of the Fifth {IEEE} Symposium on Logic
		Programming}}
@string{ILPC3 = {Proceedings of the Third International Conference on Logic
		 Programming}}
@string{ILPC4 = {Logic Programming: Proceedings of the Fourth International
		 Conference}}
@string{ICSLP5 = {Proceedings of the Fifth International Conference and
		  Symposium on Logic Programming}}
@string{LFP82 = {Proceedings of the 1982 {ACM} Conference on {\Lisp} and
		 Functional Programming}}
@string{LFP90 = {Proceedings of the 1990 {ACM} Conference on {\Lisp} and
		 Functional Programming}}
@string{LFP92 = {Proceedings of the 1992 {ACM} Conference on {\Lisp} and
		 Functional Programming}}
@string{LFP94 = {Proceedings of the 1994 {ACM} Conference on {\Lisp} and
		 Functional Programming}}
@string{POPL90 = {Proceedings of the {$17^{\mbox{\scriptsize\em th}}$} Annual
		  {ACM} Symposium on Principles of Programming Languages}}
@string{POPL91 = {Proceedings of the {$18^{\mbox{\scriptsize\em th}}$} Annual
		  {ACM} Symposium on Principles of Programming Languages}}
@string{POPL93 = {Proceedings of the {$20^{\mbox{\scriptsize\em th}}$} Annual
		  {ACM} Symposium on Principles of Programming Languages}}
@string{POPL94 = {Proceedings of the {$21^{\mbox{\scriptsize\em st}}$} Annual
		  {ACM} Symposium on Principles of Programming Languages}}
@string{POPL95 = {Proceedings of the {$22^{\mbox{\scriptsize\em nd}}$} Annual
		  {ACM} Symposium on Principles of Programming Languages}}
@string{POPL96 = {Proceedings of the 1996 Symposium on Principles of
		  Programming Languages}}
@string{POPL98 = {Proceedings of the 1998 Symposium on Principles of
		  Programming Languages}}
@string{PLDI88 = {Proceedings of the 1988 {SIGPLAN} Conference on Programming
		  Language Design and Implementation}}
@string{PLDI89 = {Proceedings of the 1989 {SIGPLAN} Conference on Programming
		  Language Design and Implementation}}
@string{PLDI91 = {Proceedings of the 1991 {SIGPLAN} Conference on Programming
		  Language Design and Implementation}}
@string{PLDI93 = {Proceedings of the 1993 {SIGPLAN} Conference on Programming
		  Language Design and Implementation}}
@string{PLDI94 = {Proceedings of the 1994 {SIGPLAN} Conference on Programming
		  Language Design and Implementation}}
@string{PLDI96 = {Proceedings of the 1996 {SIGPLAN} Conference on Programming
		  Language Design and Implementation}}
@string{IWMM92 = {Proceedings of the 1992 International Workshop on Memory
		  Management}}
@string{MITARV = {Proceedings of the {MIT} Conference on Advanced Research
		  in {VLSI}}}
@string{ICASSP = {Proceedings of the International Conference on Accoustics, Speech,
                  and Signal Processing}}
@string{ICASSP2009 = {Proceedings of the 34th International Conference on Accoustics, Speech,
                      and Signal Processing}}
@string{GWAI83 = {Proceedings of GWAI-83}}
@string{ICAD5 = {Proceedings of the Fifth International Conference on
		 Automated Deduction}}
@string{ICAD6 = {Proceedings of the Sixth International Conference on
		 Automated Deduction}}
@string{ICAD7 = {Proceedings of the Seventh International Conference on
		 Automated Deduction}}
@string{RIMS = {Proceedings of the {RIMS} Symposia of Software Science
		and Engineering}}
@string{ICALP13 = {Proceedings of the Thirteenth International Colloquium
		   on Automata, Languages, and Programming}}
@string{NCCSCSI2 = {Proceedings of the Second National Conference of Canadian
		    Society for Computational Studies of Intelligence}}
@string{WAD4 = {Proceedings of the Fourth Workshop on Automated Deduction}}
@string{LPW = {Proceedings of the Logic Programming Workshop}}
@string{SCC85 = {Proceedings of the {$30^{\mbox{\scriptsize\em th}}$} {IEEE}
		 Computer Society International Conference}}
@string{ESOP86 = {Proceedings ESOP~1986}}
@string{BU90 = {The Fifteenth Annual Boston University Conference on Language
		Development}}
@string{MLNLO91 = {The {AAAI} Spring Symposium Workshop on Machine Learning of
		   Natural Language and Ontology}}
@string{NELS = {NELS}}
@string{ECAI92 = {Proceedings of the {$10^{\mbox{\scriptsize\em th}}$} European
		  Conference on Artificial Intelligence}}
@string{COLING82 = {COLING~82}}
@string{ECCV92 = {Computer Vision---ECCV~92}}
@string{ECCV96 = {Proceedings of the Fourth European Conference on Computer
		  Vision}}
@string{ECCV98 = {Proceedings of the European Conference on Computer Vision}}
@string{ECCV2002 = {Proceedings of the European Conference on Computer Vision}}
@string{ECCV2004 = {Proceedings of the European Conference on Computer Vision}}
@string{ECCV2008 = {Proceedings of the 10th European Conference on Computer Vision}}
@string{ECCV2010 = {Proceedings of the European Conference on Computer Vision}}
@string{CVPR92 = {Proceedings of the IEEE Computer Society Conference on
		  Computer Vision and Pattern Recognition}}
@string{CVPR93 = {Proceedings of the IEEE Computer Society Conference on
		  Computer Vision and Pattern Recognition}}
@string{CVPR94 = {Proceedings of the IEEE Computer Society Conference on
		  Computer Vision and Pattern Recognition}}
@string{CVPR97 = {Proceedings of the IEEE Computer Society Conference on
		  Computer Vision and Pattern Recognition}}
@string{CVPR98 = {Proceedings of the IEEE Computer Society Conference on
		  Computer Vision and Pattern Recognition}}
@string{CVPR2000 = {Proceedings of the IEEE Computer Society Conference on
		    Computer Vision and Pattern Recognition}}
@string{CVPR2001 = {Proceedings of the IEEE Computer Society Conference on
		    Computer Vision and Pattern Recognition}}
@string{CVPR2003 = {Proceedings of the IEEE Computer Society Conference on
		    Computer Vision and Pattern Recognition}}
@string{CVPR2004 = {Proceedings of the IEEE Computer Society Conference on
		    Computer Vision and Pattern Recognition}}
@string{CVPR2005 = {Proceedings of the IEEE Computer Society Conference on
		    Computer Vision and Pattern Recognition}}
@string{CVPR2006 = {Proceedings of the IEEE Computer Society Conference on
		    Computer Vision and Pattern Recognition}}
@string{CVPR2007 = {Proceedings of the IEEE Computer Society Conference on
		    Computer Vision and Pattern Recognition}}
@string{CVPR2008 = {Proceedings of the IEEE Computer Society Conference on
		    Computer Vision and Pattern Recognition}}
@string{CVPR2009 = {Proceedings of the IEEE Computer Society Conference on
		    Computer Vision and Pattern Recognition}}
@string{CVPR2010 = {Proceedings of the IEEE Computer Society Conference on
		    Computer Vision and Pattern Recognition}}
@string{CVPR2011 = {Proceedings of the IEEE Computer Society Conference on
		    Computer Vision and Pattern Recognition}}
@string{ICPR96 = {Proceedings of the International Conference on Pattern
		  Recognition}}
@string{ICPR2002 = {Proceedings of the International Conference on Pattern
		    Recognition}}
@string{ICPR2004 = {Proceedings of the International Conference on Pattern
		    Recognition}}
@string{ICPR2006 = {Proceedings of the International Conference on Pattern
		    Recognition}}
@string{ICCV93 = {Proceedings of the Fourth
		  International Conference on Computer Vision}}
@string{ICCV99 = {Proceedings of the Seventh
		  International Conference on Computer Vision}}
@string{ICCV2001 = {Proceedings of the Eighth
		    International Conference on Computer Vision}}
@string{ICCV2003 = {Proceedings of the Ninth
		    International Conference on Computer Vision}}
@string{ICCV2005 = {Proceedings of the Tenth
		    International Conference on Computer Vision}}
@string{ICCV2007 = {Proceedings of the Eleventh
		    International Conference on Computer Vision}}
@string{ICCV2009 = {Proceedings of the Twelfth
		    International Conference on Computer Vision}}
@string{ICCV2011 = {Proceedings of the Thirteenth
		    International Conference on Computer Vision}}
@string{ACCV2010 = {Proceedings of the Tenth Asian
                    Conference on Computer Vision}}
@string{PEPM = {{ACM} Symposium on Partial Evaluation and Semantics-Based
		Program Manipulation}}
@string{KR2000 = {Proceedings of the Seventh
		  International Conference on Knowledge Representation and
		  Reasoning}}
@string{AFGR96 = {Proceedings of the Second
		  International Conference on Face and Gesture Recognition}}
@string{AISB76 = {Proceedings of the Second
		  Conference}}
@string{ICGI = {International Colloquium on Grammatical Inference}}
@string{ICIP2000 = {Proceedings of the {IEEE} International Conference on Image
		    Processing}}
@string{ICIP2001 = {Proceedings of the {IEEE} International Conference on Image
		    Processing}}
@string{ICIP2003 = {Proceedings of the {IEEE} International Conference on Image
		    Processing}}
@string{MICCAI = {International Conference on Medical Image Computing and
		  Computer Assisted Intervention}}
@string{NIPS = {Proceedings of the Neural Information Processing Systems
                Conference}}
@string{ICRA = {Proceedings of the IEEE International Conference on Robotics
		and Automation}}
%
%      institutions
%
@string{MITAI = {{MIT} Artificial Intelligence Laboratory}}
@string{IBMWatson = {{IBM} Thomas J. Watson Research Center}}
@string{SRI = {{SRI} International}}
@string{SAIL = {Stanford Artificial Intelligence Laboratory}}
@string{MITCCS = {{MIT} Center for Cognitive Science}}
@string{BBN = {Bolt Beranek and Newman}}
@string{SICS = {Swedish Institute of Computer Science}}
@string{AFCRL = {Air Force Cambridge Research Laboratory}}
@string{SLCS = {Schlumberger Laboratory for Computer Science}}
@string{UMIACS = {University of Maryland Institute for Advanced Computer
		  Science}}
@string{ICSI = {International Computer Science Institute}}
@string{IRCS = {University of Pennsylvania Institute for Research in Cognitive
		Science}}
@string{Lisboa = {Dept. de Inform\'{a}tica, Universidade Nova de Lisboa}}
@string{Auckland = {Department of Computer Science, University of Auckland}}
@string{Melborne = {Department of Computer Science, The University of
		    Melborne}}
@string{Bordeaux = {Math\'{e}matiques et Informatique, Univ.\ de Bordeaux I}}
@string{GainsvilleSociology = {Deptartment of Sociology and Anthropology,
			       University of Florida at Gainsville}}
@string{NEU = {College of Computer Science, Northeastern University}}
@string{LFCS = {Laboratory for the Foundations of Computer Science,
		Edinburgh University}}
@string{DIKU = {Department of Computer Science, University of Copenhagen}}
@string{MPI = {Max Plank Institute for Psycholinguistics}}
%
%      journals
%
@string{JRSSB = {Journal of the Royal Statistical Society B}}
@string{TOPLAS = {ACM Transactions on Programming Languages and Systems}}
@string{TMS = {ACM Transactions on Mathematical Software}}
@string{JACM = {Journal of the Association for Computing Machinery}}
@string{CACM = {Communications of the {ACM}}}
@string{JFP = {Journal of Functional Programming}}
@string{JCSS = {Journal of Computer System Science}}
@string{LSC = {Lisp and Symbolic Computation}}
@string{SPE = {Software Practice \& Exper.}}
@string{IEEEProc = {Proceedings of the IEEE}}
@string{IEEEPAMI = {{IEEE} Transactions on Pattern Analysis and Machine
		    Intelligence}}
@string{IEEEPAMIabbrev = {{IEEE} Transactions on Pattern Analysis and Machine Intelligence}}
@string{IEEETIP = {{IEEE} Transactions on Image Processing}}
@string{IEEEIT = {{IEEE} Transactions on Information Theory}}
@string{IEEECM = {{IEEE} Computer Magazine}}
@string{IEEEDTC = {{IEEE} Design \& Test of Computers}}
@string{IPL = {Information Processing Letters}}
@string{AIJ = {Artificial Intelligence}}
@string{SIAMJC = {{SIAM} Journal of Computing}}
@string{SIAMJAM = {{SIAM} Journal of Applied Mathematics}}
@string{SIAMJNA = {{SIAM} Journal of Numerical Analysis}}
@string{TCS = {Theoretical Computer Science}}
@string{JLP = {Journal of Logic Programming}}
@string{ScientificAmerican = {Scientific American}}
@string{ILR = {International Language Review}}
@string{Dobbs = {Dr.\ Dobb's Journal}}
@string{JNGC = {Journal of New Generation Computing}}
@string{JAR = {Journal of Automated Reasoning}}
@string{MOC = {Mathematics of Computation}}
@string{LI = {Linguistic Inquiry}}
@string{IandC = {Information and Control}}
@string{IandComp = {Information and Computation}}
@string{CogSci = {Cognitive Science}}
@string{IJIS = {International Journal of Intelligent Systems}}
@string{LA = {Language Acquisition}}
@string{Cognition = {Cognition}}
@string{CognitivePsychology = {Cognitive Psychology}}
@string{JEPLMC = {Journal of Experimental Psychology: Learning, Memory and
Cognition}}
@string{JEPG = {Journal of Experimental Psychology: General}}
@string{ARP = {Annual Review of Psychology}}
@string{PerceptionPsychophysics = {Perception and Psychophysics}}
@string{BPS = {Bulletin of the Psychonomic Society}}
@string{PsychologicalReview = {Psychological Review}}
@string{Perception = {Perception}}
@string{CL = {Computational Linguistics}}
@string{MT = {Machine Translation}}
@string{JChildLanguage = {Journal of Child Language}}
@string{Lingua = {Lingua}}
@string{Nature = {Nature}}
@string{Linguistics = {Linguistics}}
@string{CSL = {Computer Speech and Language}}
@string{ChildDevelopment = {Child Development}}
@string{AIReview = {Artificial Intelligence Review}}
@string{JASA = {Journal of the Acoustical Society of America}}
@string{IJCV = {International Journal of Computer Vision}}
@string{CVIU = {Computer Vision and Image Understanding}}
@string{IEEEIP = {IEEE Transactions on Image Processing}}
@string{ML = {Machine Learning}}
@string{InfantBehaviorDevelopment = {Infant Behavior and Development}}
@string{DevelopmentalPsychology = {Developmental Psychology}}
@string{Science = {Science}}
@string{CognitivePsychology = {Cognitive Psychology}}
@string{JAIR = {Journal of Artificial Intelligence Research}}
@string{JLC = {Journal of Logic and Computation}}
@string{MI = {Machine Intelligence}}
@string{HOSC = {Higher-Order and Symbolic Computation}}
@string{IEEECOM = {{IEEE} Transactions on Communication}}
@string{IEEETASSP = {{IEEE} Transactions on Acoustics, Speech and Signal
		     Processing}}
@string{IEEESMC = {{IEEE} Transactions on Systems, Man and Cybernetics}}
%
%      organizations
%
@string{AAAI = {American Association for Artificial Intelligence}}
@string{CLSI = {{CAD} Language Systems, Inc.}}
@string{IEEETCCL = {{IEEE} Computer Society Technical Committee on Computer
		    Languages}}
%
%      publishers
%
@string{PrenticeHall = {Prentice-Hall}}
@string{ComputerSocietyPress = {The Computer Society Press}}
@string{EllisHorwood = {Ellis Horwood}}
@string{MorganKaufmann = {Morgan Kaufmann}}
@string{SpringerVerlag = {Springer-{Verlag}}}
@string{LoglanInstitute = {The {\Loglan} Institute, Inc.}}
@string{Macmillan = {Macmillan}}
@string{MITPress = {MIT Press}} % was The MIT Press
@string{AcademicPress = {Academic Press}}
@string{NorthHolland = {Elsevier North-{Holland}}}
@string{Karoma = {Karoma Publishers, Inc.}}
@string{UChicagoPress = {The University of Chicago Press}}
@string{CUP = {Cambridge University Press}}
@string{PUP = {Princeton University Press}}
@string{Kluwer = {Kluwer Academic Publishers}}
@string{LEA = {Erlbaum}} % was Lawrence Erlbaum Associates
@string{HoughtonMifflin = {Houghton Mifflin}}
@string{Freeman = {Freeman}}
@string{AddisonWesley = {Addison-{Wesley}}}
@string{Wiley = {{John Wiley \& Sons,~Inc.}}}
@string{DigitalPress = {Digital Press}}
@string{Norton = {{W.~W. Norton \&~Co.}}}
@string{Reidel = {{D.~Reidel Publishing Company}}}
@string{ACM = {Association for Computing Machinery}}
@string{Ablex = {Ablex}}
@string{Heinemann = {Heinemann}}
@string{Plenum = {Plenum}}
@string{OUP = {Oxford University Press}}
@string{CornellUniversityPress = {Cornell University Press}}
@string{Cascadilla = {Cascadilla Press}}
@string{AMS = {American Mathematical Society}}
@string{Singular = {Singular}}
@string{HUP = {Harvard University Press}}
@string{IEEEPress = {IEEE Press}}
%
%      schools
%
@string{MIT = {Massachusetts Institute of Technology}}
@string{CMU = {School of Computer Science, Carnegie-{Mellon} University}}
@string{Stanford = {Stanford University}}
@string{UCB = {University of California at Berkeley}}
@string{Cornell = {Cornell University}}
@string{CalTech = {California Institute of Technology}}
@string{Waterloo = {Universty of Waterloo}}
@string{ImperialCollege = {Imperial College of Science and Technology,
			   University of London}}
@string{Leuven = {Afdeling Toegepaste Wiskunde en Programmatie Katholieke
		  Universiteit Leuven}}
@string{Rice = {Rice University}}
%
%      types
%
@string{aimemo = {{A.~I.~Memo}}}
@string{aiwp = {{A.~I.~Working Paper}}}
@string{RC = {RC}}
@string{ResearchReport = {Research Report}}
@string{Report = {Report}}
@string{TechnicalReport = {Technical report}}
@string{LPWP = {Lexicon Project Working Papers}}
%
%      miscelaneous definitions
%
@string{draft = {Draft copy received directly from author}}
@string{unpublished = {Unpublished manuscript received directly from author}}
@string{submitted = {Submitted for publication}}
@string{toappear = {To appear}}
@string{mimeographed = {mimeographed}}
@string{forthcoming = {Forthcoming}}
@string{manuscript = {m. s.}}
@string{pc = {Personal communication}}
@string{inpreparation = {In preparation}}

% -------------------------------------------------------------------------------
% nips2013d
% -------------------------------------------------------------------------------
@preamble{"" #
   "\providecommand{\Algol}{\mbox{\textsc{Algol}}} " #
   "\providecommand{\Amord}{\mbox{\textsc{Amord}}} " #
   "\providecommand{\ASSIPT}{\mbox{\textsc{ASSIP-T}}} " #
   "\providecommand{\ATMS}{\mbox{\textsc{atms}}} " #
   "\providecommand{\CLP}{\mbox{\textsc{clp}}} " #
   "\providecommand{\CLPR}{\mbox{\textsc{clp$(\Re)$}}} " #
   "\providecommand{\CommonLisp}{\mbox{\textsc{Common Lisp}}} " #
   "\providecommand{\Constraints}{\mbox{\textsc{Constraints}}} " #
   "\providecommand{\CP}{\mbox{\textsc{CP}}} " #
   "\providecommand{\Earl}{\mbox{\textsc{Earl}}} " #
   "\providecommand{\GTP}{\mbox{\textsc{gtp}}} " #
   "\providecommand{\Lisp}{\mbox{\textsc{Lisp}}} " #
   "\providecommand{\Loglan}{\mbox{\textsc{Loglan}}} " #
   "\providecommand{\MacPitts}{\mbox{\textsc{MacPitts}}} " #
   "\providecommand{\MicroPlanner}{\mbox{\textsc{Micro-Planner}}} " #
   "\providecommand{\ML}{\mbox{\textsc{ml}}} " #
   "\providecommand{\Prolog}{\mbox{\textsc{Prolog}}} " #
   "\providecommand{\PrologII}{\mbox{\textsc{Prolog-II}}} " #
   "\providecommand{\PrologIII}{\mbox{\textsc{Prolog-III}}} " #
   "\providecommand{\Scheme}{\mbox{\textsc{Scheme}}} " #
   "\providecommand{\SchemeToC}{\mbox{\textsc{Scheme-{\textgreater}C}}} " #
   "\providecommand{\Screamer}{\mbox{\textsc{Screamer}}} " #
   "\providecommand{\Sketchpad}{\mbox{\textsc{Sketchpad}}} " #
   "\providecommand{\Thinglab}{\mbox{\textsc{Thinglab}}} " #
   "\providecommand{\TMS}{\mbox{\textsc{tms}}} " #
   "\providecommand{\VHDL}{\mbox{\textsc{vhdl}}} "}
@comment{jabref-meta: selector_review:}
@comment{jabref-meta: selector_publisher:}
@comment{jabref-meta: selector_author:}
@comment{jabref-meta: selector_journal:}
@comment{jabref-meta: selector_keywords:}

@string{aaai = {American Association for Artificial Intelligence}}

@string{aaai2000 = {Proceedings of the Seventeenth National Conference on Artificial Intelligence}}

@string{aaai2000address = {Austin, {TX}}}

@string{aaai2002 = {Proceedings of the Eighteenth National Conference on Artificial Intelligence}}

@string{aaai2002address = {Edmonston, Alberta}}

@string{aaai80 = {Proceedings of {AAAI-80}}}

@string{aaai80address = {Palo Alto, {CA}}}

@string{aaai87 = {Proceedings of {AAAI-87}}}

@string{aaai87address = {Seattle, {WA}}}

@string{aaai88 = {Proceedings of the Seventh National Conference on Artificial Intelligence}}

@string{aaai90 = {Proceedings of the Eighth National Conference on Artificial Intelligence}}

@string{aaai90address = {Boston, {MA}}}

@string{aaai91 = {Proceedings of the Ninth National Conference on Artificial Intelligence}}

@string{aaai93 = {Proceedings of the Eleventh National Conference on Artificial Intelligence}}

@string{aaai94 = {Proceedings of the Twelfth National Conference on Artificial Intelligence}}

@string{aaai94address = {Seattle, {WA}}}

@string{aaai97 = {Proceedings of the Fourteenth National Conference on Artificial Intelligence}}

@string{aaai97address = {Providence, {RI}}}

@string{ablex = {Ablex}}

@string{ablexaddress = {Norwood, {NJ}}}

@string{academicpress = {Academic Press}}

@string{academicpressaddress = {New York, {NY}}}

@string{acl86 = {Proceedings of the {$24^{\mbox{\scriptsize\em th}}$} Annual Meeting of the Association for Computational Linguistics}}

@string{acl87 = {Proceedings of the {$25^{\mbox{\scriptsize\em th}}$} Annual Meeting of the Association for Computational Linguistics}}

@string{acl88 = {Proceedings of the {$26^{\mbox{\scriptsize\em th}}$} Annual Meeting of the Association for Computational Linguistics}}

@string{acl89 = {Proceedings of the {$27^{\mbox{\scriptsize\em th}}$} Annual Meeting of the Association for Computational Linguistics}}

@string{acl90 = {Proceedings of the {$28^{\mbox{\scriptsize\em th}}$} Annual Meeting of the Association for Computational Linguistics}}

@string{acl90address = {Pittsburgh, {PA}}}

@string{acl91 = {Proceedings of the {$29^{\mbox{\scriptsize\em th}}$} Annual Meeting of the Association for Computational Linguistics}}

@string{acl92 = {Proceedings of the {$30^{\mbox{\scriptsize\em th}}$} Annual Meeting of the Association for Computational Linguistics}}

@string{acm = {Association for Computing Machinery}}

@string{addisonwesley = {Addison-{Wesley}}}

@string{afcrl = {Air Force Cambridge Research Laboratory}}

@string{afgr96 = {Proceedings of the {$2^{\mbox{\scriptsize\em nd}}$} International Conference on Face and Gesture Recognition}}

@string{afgr96address = {Killington, {VT}}}

@string{aij = {Artificial Intelligence}}

@string{aimemo = {{A.~I.~Memo}}}

@string{aireview = {Artificial Intelligence Review}}

@string{aisb76 = {Proceedings of the {$2^{\mbox{\scriptsize\em nd}}$} {AISB} Conference}}

@string{aiwp = {{A.~I.~Working Paper}}}

@string{ams = {American Mathematical Society}}

@string{arp = {Annual Review of Psychology}}

@string{auckland = {Department of Computer Science, University of Auckland}}

@string{bbn = {Bolt Beranek and Newman}}

@string{bbnaddress = {Cambridge, {MA}}}

@string{bordeaux = {Math\'{e}matiques et Informatique, Univ.\ de Bordeaux I}}

@string{bps = {Bulletin of the Psychonomic Society}}

@string{bu90 = {The Fifteenth Annual Boston University Conference on Language Development}}

@string{cacm = {Comm.\ of the {ACM}}}

@string{caltech = {California Institute of Technology}}

@string{cascadilla = {Cascadilla Press}}

@string{childdevelopment = {Child Development}}

@string{cl = {Computational Linguistics}}

@string{clsi = {{CAD} Language Systems, Inc.}}

@string{clsiaddress = {Rockville, {MD}}}

@string{cmu = {School of Computer Science, Carnegie-{Mellon} University}}

@string{cognition = {Cognition}}

@string{cognitivepsychology = {Cognitive Psychology}}

@string{cogsci = {Cognitive Science}}

@string{cogsci87 = {Proceedings of the {$9^{\mbox{\scriptsize\em th}}$} Annual Conference of the Cognitive Science Society}}

@string{cogsci88 = {Proceedings of the {$10^{\mbox{\scriptsize\em th}}$} Annual Conference of the Cognitive Science Society}}

@string{cogsci89 = {Proceedings of the {$11^{\mbox{\scriptsize\em th}}$} Annual Conference of the Cognitive Science Society}}

@string{cogsci90 = {Proceedings of the {$12^{\mbox{\scriptsize\em th}}$} Annual Conference of the Cognitive Science Society}}

@string{cogsci91 = {Proceedings of the {$13^{\mbox{\scriptsize\em th}}$} Annual Conference of the Cognitive Science Society}}

@string{cogsci92 = {Proceedings of the {$14^{\mbox{\scriptsize\em th}}$} Annual Conference of the Cognitive Science Society}}

@string{cogsci93 = {Proceedings of the {$15^{\mbox{\scriptsize\em th}}$} Annual Conference of the Cognitive Science Society}}

@string{cogsci94 = {Proceedings of the {$16^{\mbox{\scriptsize\em th}}$} Annual Conference of the Cognitive Science Society}}

@string{cogsci95 = {Proceedings of the {$17^{\mbox{\scriptsize\em th}}$} Annual Conference of the Cognitive Science Society}}

@string{cogsci96 = {Proceedings of the {$18^{\mbox{\scriptsize\em th}}$} Annual Conference of the Cognitive Science Society}}

@string{cogsci97 = {Proceedings of the {$19^{\mbox{\scriptsize\em th}}$} Annual Conference of the Cognitive Science Society}}

@string{cogsci98 = {Proceedings of the {$20^{\mbox{\scriptsize\em th}}$} Annual Conference of the Cognitive Science Society}}

@string{coling82 = {COLING~82}}

@string{computerapplications1960 = {Computer Applications---1960}}

@string{computersocietypress = {The Computer Society Press}}

@string{cornell = {Cornell University}}

@string{cornelluniversitypress = {Cornell University Press}}

@string{cornelluniversitypressaddress = {Ithaca, {NY}}}

@string{csl = {Computer Speech and Language}}

@string{cuny93 = {Proceedings of the {$6^{\mbox{\scriptsize\em th}}$} Annual CUNY Sentence Processing Conference}}

@string{cup = {Cambridge University Press}}

@string{cupaddress = {New York, {NY}}}

@string{cviu = {Computer Vision and Image Understanding}}

@string{cvpr = {{IEEE} Conference on Computer Vision and Pattern Recognition}}

@string{cvpr2000 = {Proceedings of the IEEE Computer Society Conference on Computer Vision and Pattern Recognition}}

@string{cvpr2000address = {South Carolina}}

@string{cvpr2001 = {Proceedings of the IEEE Computer Society Conference on Computer Vision and Pattern Recognition}}

@string{cvpr2001address = {Hawaii}}

@string{cvpr93 = {Proceedings of the IEEE Computer Society Conference on Computer Vision and Pattern Recognition}}

@string{cvpr93address = {New York, {NY}}}

@string{cvpr94 = {Proceedings of the IEEE Computer Society Conference on Computer Vision and Pattern Recognition}}

@string{cvpr94address = {Seattle, {WA}}}

@string{cvpr97 = {Proceedings of the IEEE Computer Society Conference on Computer Vision and Pattern Recognition}}

@string{cvpr98 = {Proceedings of the IEEE Computer Society Conference on Computer Vision and Pattern Recognition}}

@string{cvpr98address = {Santa Barbara, {CA}}}

@string{developmentalpsychology = {Developmental Psychology}}

@string{digitalpress = {Digital Press}}

@string{diku = {Department of Computer Science, University of Copenhagen}}

@string{dobbs = {Dr.\ Dobb's Journal}}

@string{draft = {Draft copy received directly from author}}

@string{ecai92 = {Proceedings of the {$10^{\mbox{\scriptsize\em th}}$} European Conference on Artificial Intelligence}}

@string{eccv = {European Conference on Computer Vision}}

@string{eccv92 = {Computer Vision---ECCV~92}}

@string{eccv96 = {Proceedings of the Fourth European Conference on Computer Vision}}

@string{eccv96address = {Cambridge, {UK}}}

@string{eccv98 = {Proceedings of the European Conference on Computer Vision}}

@string{ellishorwood = {Ellis Horwood}}

@string{ellishorwoodaddress = {Chichester}}

@string{emmcvpr = {International Workshop on Energy Minimization Methods in Computer Vision and Pattern Recognition}}

@string{esop86 = {Proceedings ESOP~1986}}

@string{forthcoming = {Forthcoming}}

@string{freeman = {Freeman}}

@string{freemanaddress = {San Fransisco, {CA}}}

@string{gainsvillesociology = {Deptartment of Sociology and Anthropology, University of Florida at Gainsville}}

@string{gwai83 = {Proceedings of GWAI-83}}

@string{heinemann = {Heinemann}}

@string{heinemannaddress = {Portsmouth, {NH}}}

@string{hosc = {Higher-Order and Symbolic Computation}}

@string{houghtonmifflin = {Houghton Mifflin}}

@string{houghtonmifflinaddress = {Boston, {MA}}}

@string{hup = {Harvard University Press}}

@string{hupaddress = {Cambridge, {MA}}}

@string{iandc = {Information and Control}}

@string{iandcomp = {Information and Computation}}

@string{ibmwatson = {{IBM} Thomas J. Watson Research Center}}

@string{ibmyorktownaddress = {Yorktown Heights, {NY}}}

@string{icad5 = {Proceedings of the Fifth International Conference on Automated Deduction}}

@string{icad5address = {Les Arcs, France}}

@string{icad6 = {Proceedings of the Sixth International Conference on Automated Deduction}}

@string{icad7 = {Proceedings of the Seventh International Conference on Automated Deduction}}

@string{icad7address = {Napa, {CA}}}

@string{icalp13 = {Proceedings of the Thirteenth International Colloquium on Automata, Languages, and Programming}}

@string{icalp13address = {Rennes, France}}

@string{icassp = {IEEE International Conference on Acoustics, Speech and Signal Processing}}

@string{iccv = {International Conference on Computer Vision}}

@string{iccv2001 = {Proceedings of the {$8^{\mbox{\scriptsize\em th}}$} International Conference on Computer Vision}}

@string{iccv2001address = {Vancouver, {BC}}}

@string{iccv2003 = {Proceedings of the {$9^{\mbox{\scriptsize\em th}}$} International Conference on Computer Vision}}

@string{iccv93 = {Proceedings of the {$4^{\mbox{\scriptsize\em th}}$} International Conference on Computer Vision}}

@string{iccv99 = {Proceedings of the {$7^{\mbox{\scriptsize\em th}}$} International Conference on Computer Vision}}

@string{icgi = {International Colloquium on Grammatical Inference}}

@string{icip = {Proceedings of the {IEEE} International Conference on Image Processing}}

@string{icip2000 = {Proceedings of the {IEEE} International Conference on Image Processing}}

@string{icip2001 = {Proceedings of the {IEEE} International Conference on Image Processing}}

@string{icip2003 = {Proceedings of the {IEEE} International Conference on Image Processing}}

@string{icpr = {International Conference on Pattern Recognition}}

@string{icpr96 = {Proceedings of the International Conference on Pattern Recognition}}

@string{icsi = {International Computer Science Institute}}

@string{icslp5 = {Proceedings of the Fifth International Conference and Symposium on Logic Programming}}

@string{ieee = {IEEE}}

@string{ieeecm = {{IEEE} Computer Magazine}}

@string{ieeedtc = {{IEEE} Design \& Test of Computers}}

@string{ieeeip = {{IEEE} Transactions on Image Processing}}

@string{ieeeit = {{IEEE} Trans.\ on Information Theory}}

@string{ieeemi = {{IEEE} Transactions on Medical Imaging}}

@string{ieeepami = {{IEEE} Transactions on Pattern Analysis and Machine Intelligence}}

@string{ieeeproc = {Proceedings of the IEEE}}

@string{ieeetccl = {{IEEE} Computer Society Technical Committee on Computer Languages}}

@string{ieeetip = {IEEE Trans.\ on Image Processing}}

@string{ieeetrbme = {IEEE Transactions on Biomedical Engineering}}

@string{ieeetrnn = {IEEE Transactions on Neural Networks}}

@string{ijcai2001 = {Proceedings of the Seventeenth International Joint Conference on Artificial Intelligence}}

@string{ijcai69 = {Proceedings of the First International Joint Conference on Artificial Intelligence}}

@string{ijcai77 = {Proceedings of the Fifth International Joint Conference on Artificial Intelligence}}

@string{ijcai77address = {Cambridge, {MA}}}

@string{ijcai79 = {Proceedings of the Sixth International Joint Conference on Artificial Intelligence}}

@string{ijcai79address = {Tokyo}}

@string{ijcai81 = {Proceedings of the Seventh International Joint Conference on Artificial Intelligence}}

@string{ijcai81address = {Vancouver, {BC}}}

@string{ijcai83 = {Proceedings of the Eighth International Joint Conference on Artificial Intelligence}}

@string{ijcai83address = {Karlsruhe}}

@string{ijcai85 = {Proceedings of the Ninth International Joint Conference on Artificial Intelligence}}

@string{ijcai85address = {Los Angeles, {CA}}}

@string{ijcai87 = {Proceedings of the Tenth International Joint Conference on Artificial Intelligence}}

@string{ijcai89 = {Proceedings of the Eleventh International Joint Conference on Artificial Intelligence}}

@string{ijcai91 = {Proceedings of the Twelfth International Joint Conference on Artificial Intelligence}}

@string{ijcai93 = {Proceedings of the Thirteenth International Joint Conference on Artificial Intelligence}}

@string{ijcai93address = {Chamb\'{e}ry. France}}

@string{ijcai95 = {Proceedings of the Fourteenth International Joint Conference on Artificial Intelligence}}

@string{ijcai95address = {Montreal, Canada}}

@string{ijcv = {International Journal of Computer Vision}}

@string{ijis = {International Journal of Intelligent Systems}}

@string{ilpc3 = {Proceedings of the Third International Conference on Logic Programming}}

@string{ilpc4 = {Logic Programming: {P}roceedings of the Fourth International Conference}}

@string{ilr = {International Language Review}}

@string{imperialcollege = {Imperial College of Science and Technology, University of London}}

@string{implementationsofprolog = {Implementations of {\Prolog}}}

@string{infantbehaviordevelopment = {Infant Behavior and Development}}

@string{inpreparation = {In preparation}}

@string{inpress = {In press}}

@string{ipl = {Information Processing Letters}}

@string{ircs = {University of Pennsylvania Institute for Research in Cognitive Science}}

@string{iwmm92 = {Proceedings of the 1992 International Workshop on Memory Management}}

@string{jacm = {Journal of the Association for Computing Machinery}}

@string{jair = {Journal of Artificial Intelligence Research}}

@string{jar = {Journal of Automated Reasoning}}

@string{jasa = {Journal of the Acoustical Society of America}}

@string{jchildlanguage = {Journal of Child Language}}

@string{jcss = {Journal of Computer System Science}}

@string{jepg = {Journal of Experimental Psychology: {G}eneral}}

@string{jeplmc = {Journal of Experimental Psychology: {L}earning, Memory and Cognition}}

@string{jfp = {Journal of Functional Programming}}

@string{jlc = {Journal of Logic and Computation}}

@string{jlp = {Journal of Logic Programming}}

@string{jneurosci = {Journal of Neuroscience}}

@string{jngc = {Journal of New Generation Computing}}

@string{jrssb = {Journal of the Royal Statistical Society B}}

@string{karoma = {Karoma Publishers, Inc.}}

@string{kluwer = {Kluwer Academic Publishers}}

@string{kluweraddress = {Norwell, {MA}}}

@string{kr2000 = {Proceedings of the {$7^{\mbox{\scriptsize\em th}}$} International Conference on Knowledge Representation and Reasoning}}

@string{la = {Language Acquisition}}

@string{lea = {Erlbaum}}

@string{leaaddress = {Mahwah, {NJ}}}

@string{leuven = {Afdeling Toegepaste Wiskunde en Programmatie Katholieke Universiteit Leuven}}

@string{lfcs = {Laboratory for the Foundations of Computer Science, Edinburgh University}}

@string{lfp82 = {Proceedings of the 1982 {ACM} Conference on {\Lisp} and Functional Programming}}

@string{lfp90 = {Proceedings of the 1990 {ACM} Conference on {\Lisp} and Functional Programming}}

@string{lfp92 = {Proceedings of the 1992 {ACM} Conference on {\Lisp} and Functional Programming}}

@string{lfp94 = {Proceedings of the 1994 {ACM} Conference on {\Lisp} and Functional Programming}}

@string{li = {Linguistic Inquiry}}

@string{lingua = {Lingua}}

@string{linguistics = {Linguistics}}

@string{lisboa = {Dept. de Inform\'{a}tica, Universidade Nova de Lisboa}}

@string{logicprogramming = {Logic Programming}}

@string{loglaninstitute = {The {\Loglan} Institute, Inc.}}

@string{lpw = {Proceedings of the Logic Programming Workshop}}

@string{lpwp = {Lexicon Project Working Papers}}

@string{lsc = {Lisp and Symbolic Computation}}

@string{macmillan = {Macmillan}}

@string{macmillanaddress = {New York, {NY}}}

@string{manuscript = {m. s.}}

@string{melborne = {Department of Computer Science, The University of Melborne}}

@string{mi = {Machine Intelligence}}

@string{miccai = {International Conference on Medical Image Computing and Computer Assisted Intervention}}

@string{mimeographed = {mimeographed}}

@string{mit = {Massachusetts Institute of Technology}}

@string{mitaddress = {Cambridge, {MA}}}

@string{mitai = {{MIT} Artificial Intelligence Laboratory}}

@string{mitarv = {Proceedings of the {MIT} Conference on Advanced Research in {VLSI}}}

@string{mitccs = {{MIT} Center for Cognitive Science}}

@string{mitpress = {MIT Press}}

@string{mitpressaddress = {Cambridge, {MA}}}

@string{ml = {Machine Learning}}

@string{mlnlo91 = {The {AAAI} Spring Symposium Workshop on Machine Learning of Natural Language and Ontology}}

@string{moc = {Mathematics of Computation}}

@string{morgankaufmann = {Morgan Kaufmann}}

@string{morgankaufmannaddress = {San Mateo, {CA}}}

@string{mpi = {Max Plank Institute for Psycholinguistics}}

@string{mpiaddress = {Nijmegen, The Netherlands}}

@string{mt = {Machine Translation}}

@string{nature = {Nature}}

@string{nccscsi2 = {Proceedings of the Second National Conference of Canadian Society for Computational Studies of Intelligence}}

@string{nels = {NELS}}

@string{neu = {College of Computer Science, Northeastern University}}

@string{neucomp = {Neural Computation}}

@string{neuroim = {NeuroImage}}

@string{nips = {Neural Information Processing Systems Conference}}

@string{northholland = {Elsevier North-{Holland}}}

@string{northhollandaddress = {Amsterdam}}

@string{norton = {{W.~W. Norton \&~Co.}}}

@string{nortonaddress = {New York, {NY}}}

@string{oup = {Oxford University Press}}

@string{oupaddress = {New York, {NY}}}

@string{pc = {Personal communication}}

@string{pepm = {{ACM} Symposium on Partial Evaluation and Semantics-Based Program Manipulation}}

@string{perception = {Perception}}

@string{perceptionpsychophysics = {Perception and Psychophysics}}

@string{pldi88 = {Proceedings of the 1988 {SIGPLAN} Conference on Programming Language Design and Implementation}}

@string{pldi89 = {Proceedings of the 1989 {SIGPLAN} Conference on Programming Language Design and Implementation}}

@string{pldi91 = {Proceedings of the 1991 {SIGPLAN} Conference on Programming Language Design and Implementation}}

@string{pldi93 = {Proceedings of the 1993 {SIGPLAN} Conference on Programming Language Design and Implementation}}

@string{pldi94 = {Proceedings of the 1994 {SIGPLAN} Conference on Programming Language Design and Implementation}}

@string{pldi96 = {Proceedings of the 1996 {SIGPLAN} Conference on Programming Language Design and Implementation}}

@string{plenum = {Plenum}}

@string{plenumaddress = {New York, {NY}}}

@string{popl90 = {Proceedings of the {$17^{\mbox{\scriptsize\em th}}$} Annual {ACM} Symposium on Principles of Programming Languages}}

@string{popl91 = {Proceedings of the {$18^{\mbox{\scriptsize\em th}}$} Annual {ACM} Symposium on Principles of Programming Languages}}

@string{popl93 = {Proceedings of the {$20^{\mbox{\scriptsize\em th}}$} Annual {ACM} Symposium on Principles of Programming Languages}}

@string{popl94 = {Proceedings of the {$21^{\mbox{\scriptsize\em st}}$} Annual {ACM} Symposium on Principles of Programming Languages}}

@string{popl95 = {Proceedings of the {$22^{\mbox{\scriptsize\em nd}}$} Annual {ACM} Symposium on Principles of Programming Languages}}

@string{popl96 = {Proceedings of the 1996 Symposium on Principles of Programming Languages}}

@string{popl98 = {Proceedings of the 1998 Symposium on Principles of Programming Languages}}

@string{prenticehall = {Prentice-Hall}}

@string{prenticehalladdress = {Englewood Cliffs, {NJ}}}

@string{procieee = {Proceedings of {IEEE}}}

@string{psychologicalreview = {Psychological Review}}

@string{pup = {Princeton University Press}}

@string{rc = {RC}}

@string{reidel = {{D.~Reidel Publishing Company}}}

@string{reideladdress = {Boston, {MA}}}

@string{report = {Report}}

@string{researchreport = {Research Report}}

@string{rice = {Rice University}}

@string{rims = {Proceedings of the {RIMS} Symposia of Software Science and Engineering}}

@string{sail = {Stanford Artificial Intelligence Laboratory}}

@string{scc85 = {Proceedings of the {$30^{\mbox{\scriptsize\em th}}$} {IEEE} Computer Society International Conference}}

@string{science = {Science}}

@string{scientificamerican = {Scientific American}}

@string{siamjam = {{SIAM} Journal of Applied Mathematics}}

@string{siamjc = {{SIAM} Journal of Computing}}

@string{siamjna = {{SIAM} Journal of Numerical Analysis}}

@string{sics = {Swedish Institute of Computer Science}}

@string{singular = {Singular}}

@string{singularaddress = {San Diego, {CA}}}

@string{slcs = {Schlumberger Laboratory for Computer Science}}

@string{slp2 = {Proceedings of the Second {IEEE} Symposium on Logic Programming}}

@string{slp3 = {Proceedings of the Third {IEEE} Symposium on Logic Programming}}

@string{slp4 = {Proceedings of the Fourth {IEEE} Symposium on Logic Programming}}

@string{slp5 = {Proceedings of the Fifth {IEEE} Symposium on Logic Programming}}

@string{spe = {Software Practice \& Exper.}}

@string{spie93 = {Proceedings of the Annual Conference of the Society of Photo-Optical Instrumentation Engineers}}

@string{springer = {Springer}}

@string{springerverlag = {Springer-{Verlag}}}

@string{sri = {{SRI} International}}

@string{sriaddress = {Menlo Park, {CA}}}

@string{stanford = {Stanford University}}

@string{submitted = {Submitted for publication}}

@string{tcs = {Theoretical Computer Science}}

@string{technicalreport = {Tech.\ report}}

@string{tms = {ACM Trans.\ on Mathematical Software}}

@string{toappear = {To appear}}

@string{toplas = {ACM Trans.\ on Programming Languages and Systems}}

@string{ucb = {University of California at Berkeley}}

@string{uchicagopress = {The University of Chicago Press}}

@string{umdaddress = {College Park, {MD}}}

@string{umiacs = {University of Maryland Institute for Advanced Computer Science}}

@string{unpublished = {Unpublished manuscript received directly from author}}

@string{wad4 = {Proceedings of the Fourth Workshop on Automated Deduction}}

@string{waterloo = {Universty of Waterloo}}

@string{waterlooaddress = {Waterloo, Ontario}}

@string{wiley = {{John Wiley \& Sons,~Inc.}}}

@string{wileyaddress = {New York, {NY}}}
