% -------------------------------------------------------------------------------
% nips2013d
% -------------------------------------------------------------------------------
@techreport{bengio2012_deep,
	Author = {Bengio, Y. and Courville, A. and Vincent, P.},
	Date-Added = {2013-03-05 22:13:04 +0000},
	Date-Modified = {2013-03-05 22:13:55 +0000},
	Institution = {arXiv},
	Number = {1206.5538},
	Title = {Representation Learning: A Review and New Perspectives},
	Year = {2012}}

@inproceedings{PoDoUAI2011,
	Author = {Poon, H. and Domingoes, P.},
	Booktitle = {Proceedings of Uncertainty in Artificial Intelligence},
	Date-Added = {2013-03-05 22:11:48 +0000},
	Date-Modified = {2013-03-05 22:11:48 +0000},
	Title = {Sum-Product Networks: {A} New Deep Architecture},
	Venue = {UAI},
	Year = {2011}}

@inproceedings{davis2007information,
	Author = {Davis, J. V. and Kulis, B. and Jain, P. and Sra, S. and Dhillon, I. S.},
	Booktitle = {ICML},
	Date-Added = {2013-03-05 22:06:29 +0000},
	Date-Modified = {2013-03-05 22:06:33 +0000},
	Pages = {209-16},
	Title = {{Information-theoretic metric learning}},
	Year = {2007}}

@book{CorlissFGHN2001,
	Address = {New York, NY},
	Author = {George Corliss and Christ\`{e}le Faure and Andreas Griewank and Laurant {Hasco\"{e}t} and Uwe Naumann},
	Publisher = SpringerVerlag,
	Title = {Automatic Differentiation: {F}rom Simulation to Optimization},
	Year = 2001}

@incollection{BeckwithFGM91,
	Address = LEAAddress,
	Author = {Richard Beckwith and Christiane Fellbaum and Derek Gross and George Miller},
	Booktitle = {Lexical Acquisition: {E}xploiting On-Line Resources to Build a Lexicon},
	Editor = {Uri Zernik},
	Pages = {211-32},
	Publisher = LEA,
	Title = {{WordNet}: {A} Lexical Database Organized on Psycholinguistic Principles},
	Year = 1991}

@book{arbib2006action,
	Author = {Arbib, Michael A.},
	Publisher = {Cambridge University Press},
	Title = {Action to language via the mirror neuron system},
	Year = {2006}}

@article{arrington2000,
	Author = {Arrington, Catherine M. and Carr, Thomas H. and Mayer, Andrew R. and Rao, Stephen M. and others},
	Journal = {Journal of Cognitive Neuroscience},
	Number = 2,
	Pages = {106-17},
	Publisher = {Cambridge, Mass.: {P}ublished by the MIT Press with the Cognitive Neuroscience Institute, c1989-},
	Title = {Neural mechanisms of visual attention: {O}bject-based selection of a region in space},
	Volume = 12,
	Year = 2000}

@phdthesis{bachrach2008,
	Author = {Bachrach, Asaf},
	School = {Massachusetts Institute of Technology},
	Title = {Imaging neural correlates of syntactic complexity in a naturalistic context},
	Year = 2008}

@article{baron2010,
	Author = {Baron, Sean G. and Thompson-Schill, Sharon L. and Weber, Matthew and Osherson, Daniel},
	Journal = {Cognitive Neuroscience},
	Number = 1,
	Pages = {44-51},
	Title = {An early stage of conceptual combination: {S}uperimposition of constituent concepts in left anterolateral temporal lobe},
	Volume = 1,
	Year = 2010}

@article{beauchamp2003,
	Author = {Beauchamp, Michael S. and Lee, Kathryn E. and Haxby, James V. and Martin, Alex},
	Journal = {Journal of Cognitive Neuroscience},
	Number = 7,
	Pages = {991-1001},
	Publisher = {MIT Press},
	Title = {{FMRI} responses to video and point-light displays of moving humans and manipulable objects},
	Volume = 15,
	Year = 2003}

@article{berwick2013,
	Author = {Berwick, R. C. and Friederici, A. D. and Chomsky, N. and Bolhuis, J. J.},
	Journal = {Trends in cognitive sciences},
	Title = {Evolution, brain, and the nature of languag.},
	Year = 2013}

@article{binder2011,
	Author = {Binder, Jeffrey R. and Desai, Rutvik H.},
	Journal = {Trends in cognitive sciences},
	Publisher = {Elsevier},
	Title = {The neurobiology of semantic memory},
	Year = 2011}

@article{bonner2013,
	Author = {Bonner, Michael F. and Peelle, Jonathan E. and Cook, Philip A. and Grossman, Murray},
	Journal = {NeuroImage},
	Pages = {175-86},
	Title = {Heteromodal conceptual processing in the angular gyrus},
	Volume = 71,
	Year = 2013}

@article{booth2004,
	Author = {Booth, James R. and Burman, Douglas D. and Meyer, Joel R. and Gitelman, Darren R. and Parrish, Todd B. and Mesulam, M. Marsel},
	Journal = {Journal of cognitive neuroscience},
	Number = 7,
	Pages = {1234-49},
	Publisher = {MIT Press},
	Title = {Development of brain mechanisms for processing orthographic and phonologic representations},
	Volume = 16,
	Year = 2004}

@article{connolly2012,
	Author = {Connolly, Andrew C. and Guntupalli, J. Swaroop and Gors, Jason and Hanke, Michael and Halchenko, Yaroslav O. and Wu, Yu-Chien and Abdi, Herv\'{e} and Haxby, James V.},
	Journal = {The Journal of Neuroscience},
	Number = 8,
	Pages = {2608-18},
	Publisher = {Soc Neuroscience},
	Title = {The representation of biological classes in the human brain},
	Volume = 32,
	Year = 2012}

@article{gonzalez2011,
	Author = {Gonzalez Castillo, Javier and Talavage, Thomas M.},
	Journal = {Neuroimage},
	Number = 3,
	Pages = {2138-55},
	Publisher = {Elsevier},
	Title = {Reproducibility of {fMRI} activations associated with auditory sentence comprehension},
	Volume = 54,
	Year = 2011}

@article{graves2010,
	Author = {Graves, William W. and Binder, Jeffrey R. and Desai, Rutvik H. and Conant, Lisa L. and Seidenberg, Mark S.},
	Journal = {NeuroImage},
	Number = 2,
	Pages = {638-46},
	Publisher = {Elsevier},
	Title = {Neural correlates of implicit and explicit combinatorial semantic processing},
	Volume = 53,
	Year = 2010}

@article{hansen2007,
	Author = {Hansen, Kathleen A. and Kay, Kendrick N. and Gallant, Jack L.},
	Journal = {The Journal of Neuroscience},
	Number = 44,
	Pages = {11896-911},
	Publisher = {Soc Neuroscience},
	Title = {Topographic organization in and near human visual area {V4}},
	Volume = 27,
	Year = 2007}

@article{hanson2009,
	Author = {Hanson, Stephen Jos\'{e} and Halchenko, Yaroslav O.},
	Journal = {Neural Computation},
	Number = 2,
	Pages = {486-503},
	Publisher = {MIT Press},
	Title = {Brain reading using full brain support vector machines for object recognition: {T}here is no ``face'' identification area},
	Volume = 20,
	Year = 2009}

@article{haxby2011,
	Author = {Haxby, James V. and Guntupalli, J. Swaroop and Connolly, Andrew C. and Halchenko, Yaroslav O. and Conroy, Bryan R. and Gobbini, M. Ida and Hanke, Michael and Ramadge, Peter J.},
	Journal = {Neuron},
	Number = 2,
	Pages = {404-16},
	Publisher = {Elsevier},
	Title = {A common, high-dimensional model of the representational space in human ventral temporal cortex},
	Volume = 72,
	Year = 2011}

@article{hester2004,
	Author = {Hester, Robert L. and Murphy, Kevin and Foxe, John J. and Foxe, Deirdre M. and Javitt, Daniel C. and Garavan, Hugh},
	Journal = {Journal of Cognitive Neuroscience},
	Number = 5,
	Pages = {776-85},
	Publisher = {MIT Press},
	Title = {Predicting success: {P}atterns of cortical activation and deactivation prior to response inhibition},
	Volume = 16,
	Year = 2004}

@article{huth2012,
	Author = {Huth, Alexander G. and Nishimoto, Shinji and Vu, An T. and Gallant, Jack L.},
	Journal = {Neuron},
	Number = 6,
	Pages = {1210-24},
	Publisher = {Elsevier},
	Title = {A Continuous Semantic Space Describes the Representation of Thousands of Object and Action Categories across the Human Brain},
	Volume = 76,
	Year = 2012}

@article{just2010,
	Author = {Just, Marcel Adam and Cherkassky, Vladimir L. and Aryal, Sandesh and Mitchell, Tom M.},
	Journal = {PloS One},
	Number = 1,
	Publisher = {Public Library of Science},
	Title = {A neurosemantic theory of concrete noun representation based on the underlying brain codes},
	Volume = 5,
	Pages = {e8622},
	Year = 2010}

@article{kable2006,
	Author = {Kable, Joseph W. and Chatterjee, Anjan},
	Journal = {Journal of Cognitive Neuroscience},
	Number = 9,
	Pages = {1498-517},
	Publisher = {MIT Press},
	Title = {Specificity of action representations in the lateral occipitotemporal cortex},
	Volume = 18,
	Year = 2006}

@article{kay2008,
	Author = {Kay, Kendrick N. and Naselaris, Thomas and Prenger, Ryan J. and Gallant, Jack L.},
	Journal = {Nature},
	Number = 7185,
	Pages = {352-5},
	Publisher = {Nature Publishing Group},
	Title = {Identifying natural images from human brain activity},
	Volume = 452,
	Year = 2008}

@article{kemmerer2000,
	Author = {Kemmerer, David},
	Journal = {Aphasiology},
	Number = 10,
	Pages = {997-1020},
	Publisher = {Taylor \& Francis},
	Title = {Grammatically relevant and grammatically irrelevant features of verb meaning can be independently impaired},
	Volume = 14,
	Year = 2000}

@article{kemmerer2007,
	Author = {Kemmerer, David and Chandrasekaran, Bharath and Tranel, Daniel},
	Journal = {Cognitive Neuropsychology},
	Number = 1,
	Pages = {70-114},
	Publisher = {Taylor \& Francis},
	Title = {A case of impaired verbalization but preserved gesticulation of motion events},
	Volume = 24,
	Year = 2007}

@article{kemmerer2010,
	Author = {Kemmerer, David and Gonzalez Castillo, Javier},
	Journal = {Brain and Language},
	Number = 1,
	Pages = {54-76},
	Publisher = {Elsevier},
	Title = {The two-level theory of verb meaning: {A}n approach to integrating the semantics of action with the mirror neuron system},
	Volume = 112,
	Year = 2010}

@article{kemmerer2008,
	Author = {Kemmerer, David and Gonzalez Castillo, Javier and Talavage, Thomas and Patterson, Stephanie and Wiley, Cynthia},
	Journal = {Brain and Language},
	Number = 1,
	Pages = {16-43},
	Publisher = {Elsevier},
	Title = {Neuroanatomical distribution of five semantic components of verbs: {E}vidence from {fMRI}},
	Volume = 107,
	Year = 2008}

@article{kraut2002a,
	Author = {Kraut, Michael A. and Kremen, Sarah and Moo, Lauren R. and Segal, Jessica B. and Calhoun, Vincent and Hart, Jr., John},
	Journal = {Journal of cognitive neuroscience},
	Number = 1,
	Pages = {37-47},
	Publisher = {MIT Press},
	Title = {Object activation in semantic memory from visual multimodal feature input},
	Volume = 14,
	Year = 2002}

@article{kraut2002b,
	Author = {Kraut, Michael A. and Kremen, Sarah and Segal, Jessica B. and Calhoun, Vincent and Moo, Lauren R. and Hart, Jr., John},
	Journal = {Journal of Cognitive Neuroscience},
	Number = 1,
	Pages = {24-36},
	Publisher = {MIT Press},
	Title = {Object activation from features in the semantic system},
	Volume = 14,
	Year = 2002}

@article{miyawaki2008,
	Author = {Miyawaki, Yoichi and Uchida, Hajime and Yamashita, Okito and Sato, M. and Morito, Yusuke and Tanabe, Hiroki C. and Sadato, Norihiro and Kamitani, Yukiyasu},
	Journal = {Neuron},
	Number = 5,
	Pages = {915-29},
	Publisher = {Cell Press},
	Title = {Visual image reconstruction from human brain activity using a combination of multiscale local image decoders},
	Volume = 60,
	Year = 2008}

@article{naselaris2009,
	Author = {Naselaris, Thomas and Prenger, Ryan J. and Kay, Kendrick N. and Oliver, Michael and Gallant, Jack L.},
	Journal = {Neuron},
	Number = 6,
	Pages = 902,
	Title = {Bayesian reconstruction of natural images from human brain activity},
	Volume = 63,
	Year = 2009}

@article{naselaris2011,
	Author = {Naselaris, Thomas and Kay, Kendrick N. and Nishimoto, Shinji and Gallant, Jack L.},
	Journal = {Neuroimage},
	Number = 2,
	Pages = {400-10},
	Publisher = {Elsevier},
	Title = {Encoding and decoding in {fMRI}},
	Volume = 56,
	Year = 2011}

@article{nishimoto2011,
	Author = {Nishimoto, Shinji and Vu, An T. and Naselaris, Thomas and Benjamini, Yuval and Yu, Bin and Gallant, Jack L.},
	Journal = {Current Biology},
	Number = 19,
	Pages = {1641-6},
	Publisher = {Elsevier},
	Title = {Reconstructing visual experiences from brain activity evoked by natural movies},
	Volume = 21,
	Year = 2011}

% needs work: number
@article{pereira2012,
	Author = {Pereira, Francisco and Botvinick, Matthew and Detre, Greg},
	Journal = {Artificial Intelligence},
	Publisher = {Elsevier},
	Title = {Using {Wikipedia} to learn semantic feature representations of concrete concepts in neuroimaging experiments},
        Volume = 194,
        Pages = {240-52},
	Year = 2012}

@article{poldrack2009,
	Author = {Poldrack, Russell A. and Halchenko, Yaroslav O. and Hanson, Stephen Jos\'{e}},
	Journal = {Psychological Science},
	Number = 11,
	Pages = {1364-72},
	Publisher = {SAGE Publications},
	Title = {Decoding the large-scale structure of brain function by classifying mental states across individuals},
	Volume = 20,
	Year = 2009}

@article{ramsey2010,
	Author = {Ramsey, Joseph D. and Hanson, S. J. and Hanson, C. and Halchenko, Y. O. and Poldrack, R. A. and Glymour, C.},
	Journal = {Neuroimage},
	Number = 2,
	Pages = {1545-58},
	Publisher = {Elsevier},
	Title = {Six problems for causal inference from {fMRI}},
	Volume = 49,
	Year = 2010}

@article{ramsey2011,
	Author = {Ramsey, Joseph D. and Hanson, Stephen Jos\'{e} and Glymour, Clark},
	Journal = {NeuroImage},
	Number = 3,
	Pages = {838-48},
	Publisher = {Elsevier},
	Title = {Multi-subject search correctly identifies causal connections and most causal directions in the {DCM} models of the {Smith} et al. simulation study},
	Volume = 58,
	Year = 2011}

@article{simanova2010,
	Author = {Simanova, Irina and van Gerven, Marcel and Oostenveld, Robert and Hagoort, Peter},
	Journal = {PloS one},
	Number = 12,
	Publisher = {Public Library of Science},
	Title = {Identifying object categories from event-related {EEG}: {T}oward decoding of conceptual representations},
	Volume = 5,
	Year = 2010}

@article{simanova2012,
	Author = {Simanova, Irina and Hagoort, Peter and Oostenveld, Robert and van Gerven, Marcel A. J.},
	Journal = {Cerebral Cortex},
	Publisher = {Oxford Univ Press},
	Title = {Modality-Independent Decoding of Semantic Information from the Human Brain},
	Year = 2012}

@article{yarkoni2011,
	Author = {Yarkoni, Tal and Poldrack, Russell A. and Nichols, Thomas E. and Van Essen, David C. and Wager, Tor D.},
	Journal = {Nature methods},
	Number = 8,
	Pages = {665-70},
	Publisher = {Nature Publishing Group},
	Title = {Large-scale automated synthesis of human functional neuroimaging data},
	Volume = 8,
	Year = 2011}

@inproceedings{CoHaCVPRHCI2003,
	Author = {Corso, J. J. and Burschka, D. and Hager, G. D.},
	Booktitle = {{IEEE CVPR Workshop on Human Computer Interaction at Conference}},
	Category = {Human-Computer Interaction},
	Date-Added = {2013-02-17 17:51:29 +0000},
	Date-Modified = {2013-02-17 17:51:29 +0000},
	Keywords = {Planar Structure,HCI},
	Local-Url = {file://localhost//Users/jcorso-local/bib/filecache/CoHaCVPRHCI2003.pdf},
	Title = {The {4DT}: {U}nencumbered {HCI} with {VICs}},
	Venue = {CVPR},
	Year = {2003}}

@inproceedings{YeOkSMC2003,
	Author = {Ye, G. and Corso, J. J. and Hager, G. D. and Okamura, A.},
	Booktitle = {{IEEE International Conference on Systems, Man and Cybernetics}},
	Category = {Augmented and Mixed Reality},
	Date-Added = {2013-02-17 17:51:25 +0000},
	Date-Modified = {2013-02-17 17:51:25 +0000},
	Keywords = {HMD,Augmented Reality,Tracking,Haptics},
	Local-Url = {file://localhost//Users/jcorso-local/bib/filecache/YeOkSMC2003.pdf},
	Pages = {3425-31},
	Title = {{VisHap}: {A}ugmented Reality Combining Haptics and Vision},
	Year = {2003}}

@article{YeHaMVA2004,
	Author = {G. Ye and J. J. Corso and D. Burschka and G. D. Hager},
	Category = {Human-Computer Interaction},
	Date-Added = {2013-02-17 17:51:22 +0000},
	Date-Modified = {2013-02-17 17:51:22 +0000},
	Journal = {{Machine Vision and Applications}},
	Keywords = {Stochastic,HCI},
	Local-Url = {file://localhost//Users/jcorso-local/bib/filecache/YeHaMVA2004.pdf},
	Number = {1},
	Pages = {13-20},
	Title = {{VICs}: {A} Modular {HCI} Framework Using Spatio-Temporal Dynamics},
	Venue = {MVA},
	Volume = {16},
	Year = {2004}}

@inproceedings{YeHaRTVHCI2004,
	Author = {Ye, G. and Corso, J. J. and Hager, G. D.},
	Booktitle = {{CVPR Workshop on Real-Time Vision for Human-Computer Interaction}},
	Category = {Human-Computer Interaction},
	Date-Added = {2013-02-17 17:51:21 +0000},
	Date-Modified = {2013-02-17 17:51:21 +0000},
	Keywords = {Probabilistic,Human Motion,Gesture Recognition},
	Local-Url = {file://localhost//Users/jcorso-local/bib/filecache/YeHaRTVHCI042004.pdf},
	Title = {{Gesture Recognition Using 3D Appearance and Motion Features}},
	Venue = {CVPR},
	Year = {2004}}

@article{CoHaVR2005,
	Author = {Corso, J. J. and Ye, G. and Hager, G. D.},
	Category = {Human-Computer Interaction},
	Date-Added = {2013-02-17 17:51:16 +0000},
	Date-Modified = {2013-02-17 17:51:16 +0000},
	Journal = {{Virtual Reality}},
	Keywords = {Graphical Models,Human Motion,HCI,Gesture Recognition},
	Local-Url = {file://localhost//Users/jcorso-local/bib/filecache/CoHaVR2005.pdf},
	Number = {4},
	Pages = {242-52},
	Title = {{Analysis of Composite Gestures with a Coherent Probabilistic Graphical Model}},
	Venue = {VR},
	Volume = {8},
	Year = {2005}}

% the year was modified to match online entry at
% http://www.sciencedirect.com/science/article/pii/S0167865512001286
@article{CoPRL2013,
	Author = {Corso, J. J.},
	Journal = {Pattern Recognition Letters: {S}pecial Issue on Scene Understanding and Behavior Analysis},
	Note = {To appear. Early version appears as arXiv.org tech report 1108.4079v1.},
	Tags = {computer vision, image understanding, graphical models, semantic segmentation},
	Title = {Toward Parts-Based Scene Understanding with Pixel-Support Parts-Sparse Pictorial Structures},
	Url = {http://www.cse.buffalo.edu/~jcorso/pubs/jcorso_prlsuba2013_ps3_preprint.pdf},
	Year = {2012},
	Bdsk-Url-1 = {http://www.cse.buffalo.edu/~jcorso/pubs/jcorso_prlsuba2013_ps3_preprint.pdf}}

@inproceedings{CoCVPR2008,
	Author = {Corso, J. J.},
	Booktitle = {{Proceedings of IEEE Conference on Computer Vision and Pattern Recognition}},
	Tags = {computer vision, semantic segmentation, hierarchical},
	Title = {{Discriminative Modeling by Boosting on Multilevel Aggregates}},
	Url = {http://www.cse.buffalo.edu/~jcorso/pubs/jcorso_CVPR2008_bma.pdf},
	Year = {2008},
	Bdsk-Url-1 = {http://www.cse.buffalo.edu/~jcorso/pubs/jcorso_CVPR2008_bma.pdf}}

@inproceedings{CoTuYuIWCIA2008,
	Author = {Corso, J. J. and Tu, Z. and Yuille, A.},
	Booktitle = {Proceedings of International Workshop on Combinatorial Image Analysis},
	Pages = {172-84},
	Tags = {computer vision, mrf, hierarchical},
	Title = {{MRF Labeling with a Graph-Shifts Algorithm}},
	Url = {http://www.cse.buffalo.edu/~jcorso/pubs/jcorso_IWCIA2008.pdf},
	Volume = {LNCS 4958},
	Year = {2008},
	Bdsk-Url-1 = {http://www.cse.buffalo.edu/~jcorso/pubs/jcorso_IWCIA2008.pdf}}

@article{CoYeBuCOMP2008,
	Author = {Corso, J. J. and Ye, G. and Burschka, D. and Hager, G. D.},
	Journal = {IEEE Computer},
	Number = {5},
	Pages = {48-55},
	Tags = {computer vision, human-computer interaction},
	Title = {{A Practical Paradigm and Platform for Video-Based Human-Computer Interaction}},
	Url = {http://www.cse.buffalo.edu/~jcorso/pubs/IEEEComputer2008_VICS.pdf},
	Volume = {42},
	Year = {2008},
	Bdsk-Url-1 = {http://www.cse.buffalo.edu/~jcorso/pubs/IEEEComputer2008_VICS.pdf}}

@inproceedings{CoYuTuCVPR2008,
	Author = {Corso, J. J. and Yuille, A. and Tu, Z.},
	Booktitle = {{Proceedings of IEEE Conference on Computer Vision and Pattern Recognition}},
	Codedownload = {http://www.cse.buffalo.edu/~jcorso/r/graphshifts/files/graphshifts-R2008.tar.gz},
	Projectpage = {http://www.cse.buffalo.edu/~jcorso/r/graphshifts/},
	Tags = {computer vision, mrf, hierarchical, semantic segmentation, image understanding},
	Title = {{Graph-Shifts: {N}atural Image Labeling by Dynamic Hierarchical Computing}},
	Url = {http://www.cse.buffalo.edu/~jcorso/pubs/jcorso_CVPR2008_gs.pdf},
	Year = {2008},
	Bdsk-Url-1 = {http://www.cse.buffalo.edu/~jcorso/pubs/jcorso_CVPR2008_gs.pdf}}

@inproceedings{AgKuCoDSCC2011,
	Author = {Agarwal, P. and Kumar, S. and Corso, J. J. and Krovi, V. N.},
	Booktitle = {Proceedings of 4th Annual Dynamic Systems and Control Conference},
	Tags = {computer vision, video understanding, motion estimation},
	Title = {Estimating Dynamics On-The-Fly Using Monocular Video},
	Url = {http://www.cse.buffalo.edu/~jcorso/pubs/dscc2011.pdf},
	Year = {2011},
	Bdsk-Url-1 = {http://www.cse.buffalo.edu/~jcorso/pubs/dscc2011.pdf}}

@inproceedings{AgKuRyISVC2012,
	Author = {Agarwal, P. and Kumar, S. and Ryde, J. and Corso, J. J. and Krovi, V. N.},
	Booktitle = {Proceedings of International Symposium on Visual Computing},
	Tags = {computer vision, human pose estimation, video understanding},
	Title = {An Optimization Based Framework for Human Pose Estimation in Monocular Videos},
	Url = {http://www.cse.buffalo.edu/~jcorso/pubs/pagarwalISVC2012_pose.pdf},
	Year = {2012},
	Bdsk-Url-1 = {http://www.cse.buffalo.edu/~jcorso/pubs/pagarwalISVC2012_pose.pdf}}

@inproceedings{AgKuRyRSS2012,
	Author = {Agarwal, P. and Kumar, S. and Ryde, J. and Corso, J. J. and Krovi, V. N.},
	Booktitle = {Proceedings of Robotics Science and Systems},
	Tags = {computer vision, human pose estimation, video understanding},
	Title = {Estimating Human Dynamics On-the-fly Using Monocular Video for Pose Estimation},
	Url = {http://www.cse.buffalo.edu/~jcorso/pubs/agarwal_RSS2012.pdf},
	Year = {2012},
	Bdsk-Url-1 = {http://www.cse.buffalo.edu/~jcorso/pubs/agarwal_RSS2012.pdf}}

@article{AlCoChTMI2011,
	Author = {Alomari, R. S. and Corso, J. J. and Chaudhary, V.},
	Journal = {IEEE Transactions on Medical Imaging},
	Number = {1},
	Pages = {1-10},
	Tags = {medical imaging, spine imaging, graphical models, semantic segmentation},
	Title = {Labeling of Lumbar Discs using both Pixel- and Object-Level Features with a Two-Level Probabilistic Model},
	Url = {http://www.cse.buffalo.edu/~jcorso/pubs/tmi2011_lumbar.pdf},
	Volume = {30},
	Year = {2011},
	Bdsk-Url-1 = {http://www.cse.buffalo.edu/~jcorso/pubs/tmi2011_lumbar.pdf}}

@inproceedings{BuCoAMCIS2012,
	Author = {Bustamante, M. A. and Corso, J. J.},
	Booktitle = {Proceedings of the Eighteenth Americas Conference on Information Systems},
	Tags = {computer vision, artificial intelligence, probabilistic ontology, video understanding, activity recognition, event recognition},
	Title = {Using Probabilistic Ontologies for Video Exploration},
	Year = {2012}}

@inproceedings{CeCoFuSTIDS2010,
	Author = {Ceusters, W. and Corso, J. J. and Fu, Y. and Petropoulos, M. and Krovi, V.},
	Booktitle = {Proceedings of the 5th International Conference on Semantic Technologies for Intelligence, Defense and Security (STIDS)},
	Tags = {artificial intelligence, ontology, activity recognition},
	Title = {Introducing Ontological Realism for Semi-Supervised Detection and Annotation of Operationally Significant Activity in Surveillance Videos.},
	Url = {http://www.cse.buffalo.edu/~jcorso/pubs/stids2010_istare_withresponses.pdf},
	Year = {2010},
	Bdsk-Url-1 = {http://www.cse.buffalo.edu/~jcorso/pubs/stids2010_istare_withresponses.pdf}}

@inproceedings{ChCoWMVC2011,
	Author = {Chen, A. Y. C. and Corso, J. J.},
	Booktitle = {Proceedings of the 2011 IEEE Workshop on Motion and Video Computing},
	Codedownload = {http://www.cse.buffalo.edu/~aychen/LabelPropagation/labelpropagation.zip},
	Projectpage = {http://www.cse.buffalo.edu/~jcorso/r/labelprop.html},
	Tags = {computer vision, video understanding, semantic segmentation, graphical models, mrf},
	Title = {Temporally Consistent Multi-Class Video-Object Segmentation with the Video Graph-Shifts Algorithm},
	Url = {http://www.cse.buffalo.edu/~jcorso/pubs/wmvc2011_vgs.pdf},
	Year = {2011},
	Bdsk-Url-1 = {http://www.cse.buffalo.edu/~jcorso/pubs/wmvc2011_vgs.pdf}}

@inproceedings{ChCoCOMPIMAGE2010,
	Author = {Chen, A. Y. C. and Corso, J. J.},
	Booktitle = {Proceedings of CompImage '10---Computational Modeling of Objects Presented in Images},
	Tags = {computer vision, graphical models, hierarchical, mrf},
	Title = {On the Effects of Normalization in Adaptive {MRF} Hierarchies},
	Url = {http://www.cse.buffalo.edu/~jcorso/pubs/compimage2010_mrf.pdf},
	Year = {2010},
	Bdsk-Url-1 = {http://www.cse.buffalo.edu/~jcorso/pubs/compimage2010_mrf.pdf}}

@inproceedings{ChCoWNYIPW2010,
	Author = {Chen, A. Y. C. and Corso, J. J.},
	Booktitle = {Proceedings of Western New York Image Processing Workshop},
	Tags = {computer vision, video understanding, semantic segmentation},
	Title = {Propagating Multi-class Pixel Labels Throughout Video Frames},
	Url = {http://www.cse.buffalo.edu/~jcorso/pubs/wnyipw2010_video.pdf},
	Year = {2010},
	Bdsk-Url-1 = {http://www.cse.buffalo.edu/~jcorso/pubs/wnyipw2010_video.pdf}}

@inproceedings{ChCoWaICPR2008,
	Author = {Chen, A. Y. C. and Corso, J. J. and Wang, L.},
	Booktitle = {Proceedings of International Conference on Pattern Recognition},
	Tags = {computer vision, semantic segmentation, mrf, image understanding},
	Title = {{HOPS}: {E}fficient Region Labeling using Higher Order Proxy Neighborhoods},
	Url = {http://www.cse.buffalo.edu/~jcorso/pubs/aychen_ICPR2008.pdf},
	Year = {2008},
	Bdsk-Url-1 = {http://www.cse.buffalo.edu/~jcorso/pubs/aychen_ICPR2008.pdf}}

@inproceedings{ChXiCoICIP2012,
	Author = {Chen, G. and Xiong, C. and Corso, J. J.},
	Booktitle = {Proceedings of IEEE International Conference on Image Processing},
	Tags = {image processing, image denoising, domain adaptation, dictionary transfer},
	Title = {Dictionary Transfer for Image Denoising via Domain Adaptation},
	Url = {http://www.cse.buffalo.edu/~jcorso/pubs/jcorso_ICIP2012.pdf},
	Year = {2012},
	Bdsk-Url-1 = {http://www.cse.buffalo.edu/~jcorso/pubs/jcorso_ICIP2012.pdf}}

@inproceedings{CoGaFoDH2013,
	Author = {Coffee, N. and Gawley, J. and Forstall, C. W. and Scheirer, W. J. and Johnson, D. and Corso, J. J. and Parks, B.},
	Booktitle = {Proceedings of Digital Humanities},
	Tags = {active clustering, data mining, machine learning, natural language, digitial humanities},
	Title = {Modelling the Interpretation of Literary Allusion with Machine Learning Techniques},
	Year = {2013}}

@inproceedings{DaSrCoWSDM2013,
	Author = {Das, P. and Srihari, R. K. and Corso, J. J.},
	Booktitle = {Proceedings of Sixth ACM International Conference on Web Search and Data Mining},
	Tags = {computer vision, natural language, multimedia, video understanding, video summarization, machine learning},
	Title = {Translating Related Words to Videos and Back through Latent Topics},
	Year = {2013}}

@inproceedings{DeCoBaIROS2012,
	Author = {Delmerico, J. A. and Corso, J. J. and Baran, D. and David, P. and Ryde, J.},
	Booktitle = {Proceedings of IEEE/RSJ Intelligent Robots and Systems (Video Proceedings)},
	Projectpage = {http://www.cse.buffalo.edu/~jcorso/r/gbs/},
	Tags = {mobile robotics, computer vision, localization, navigation, mapping},
	Title = {Ascending Stairway Modeling: {A} First Step Toward Autonomous Multi-Floor Exploration},
	Video = {http://www.youtube.com/watch?v=fGkA7srkgs8},
	Year = {2012}}

@inproceedings{DeCoDaWNYIPW2010,
	Author = {Delmerico, J. A. and Corso, J. J. and David, P.},
	Booktitle = {Proceedings of Western New York Image Processing Workshop},
	Tags = {computer vision, mobile robotics, facade detection, stereo},
	Title = {Boosting with Stereo Features for Building Facade Detection on Mobile Platforms},
	Url = {http://www.cse.buffalo.edu/~jcorso/pubs/wnyipw2010_stereo.pdf},
	Year = {2010},
	Bdsk-Url-1 = {http://www.cse.buffalo.edu/~jcorso/pubs/wnyipw2010_stereo.pdf}}

@inproceedings{DeBaDaICRA2013,
	Author = {Delmerico, J. A. and Baran, D. and David, P. and Ryde, J. and Corso, J. J.},
	Booktitle = {Proceedings of IEEE Internation Conference on Robotics and Automation},
	Projectpage = {http://www.cse.buffalo.edu/~jcorso/r/gbs/},
	Tags = {mobile robotics, computer vision, localization, navigation, mapping},
	Title = {Ascending Stairway Modeling from Dense Depth Imagery for Traversability Analysis},
	Year = {2013}}

@inproceedings{DeDaCoIROS2011,
	Author = {Delmerico, J. A. and David, P. and Corso, J. J.},
	Booktitle = {Proceedings of International Conference on Intelligent Robots and Systems},
	Datadownload = {http://www.cse.buffalo.edu/~jcorso/r/gbs/files/CPStereoFacadeDataset.zip},
	Projectpage = {http://www.cse.buffalo.edu/~jcorso/r/gbs/},
	Tags = {mobile robotics, computer vision, facade detection, semantic segmentation, localization, mrf, hierarchical},
	Title = {Building Facade Detection, Segmentation, and Parameter Estimation for Mobile Robot Localization and Guidance},
	Url = {http://www.cse.buffalo.edu/~jcorso/pubs/IROS2011_facades.pdf},
	Year = {2011},
	Bdsk-Url-1 = {http://www.cse.buffalo.edu/~jcorso/pubs/IROS2011_facades.pdf}}

@inproceedings{GaXiCoSPIE2011,
	Author = {Gagneja, D. and Xiong, C. and Corso, J. J.},
	Booktitle = {Proceedings of SPIE Conference on Medical Imaging},
	Tags = {medical imaging, neuroimaging, graphical models},
	Title = {Towards a Parts-Based Approach to Sub-Cortical Brain Structure Parsing},
	Url = {http://www.cse.buffalo.edu/~jcorso/pubs/spie2011_neuroparts.pdf},
	Year = {2011},
	Bdsk-Url-1 = {http://www.cse.buffalo.edu/~jcorso/pubs/spie2011_neuroparts.pdf}}

@techreport{LeCoARXIV2011,
	Author = {Lea, C. S. and Corso, J. J.},
	Institution = {arXiv},
	Month = {November},
	Number = {1111.1599v1},
	Tags = {computer vision, mobile robotics, graphical models, mrf, hierarchical, object detection},
	Title = {Efficient Hierarchical {Markov} Random Fields for Object Detection on a Mobile Robot},
	Year = {2011}}

@article{MiCoNC2013,
	Author = {Miao, Y. and Corso, J. J.},
	Journal = {Journal of Neurocomputing},
	Note = {Early version appears as arXiv.org tech report 1108.3525v1.},
	Tags = {image processing, computer vision, feature extraction, object detection, face detection},
	Title = {Hamiltonian Streamline Guided Feature Extraction with Application to Face Detection},
	Year = {In Press}}

@techreport{MiCoARXIV2011,
	Author = {Miao, Y. and Corso, J. J.},
	Institution = {arXiv},
	Month = {August},
	Number = {1108.3525v1},
	Tags = {image processing, computer vision, feature extraction, object detection},
	Title = {Hamiltonian Streamline Guided Feature Extraction with Applications to Face Detection},
	Year = {2011}}

@techreport{NwCoBiTR2008,
	Author = {Nwogu, I. and Corso, J. J. and Bittner, T.},
	Institution = {University at Buffalo SUNY},
	Number = {2008-09},
	Tags = {computer vision, artificial intelligence, ontology, lung imaging},
	Title = {The Design of an Ontology-Enhanced Anatomy Labeler},
	Url = {http://www.cse.buffalo.edu/~jcorso/pubs/inwogu_ontology2008.pdf},
	Year = {2008},
	Bdsk-Url-1 = {http://www.cse.buffalo.edu/~jcorso/pubs/inwogu_ontology2008.pdf}}

@inproceedings{RyCoIROS2012,
	Author = {Ryde, J. and Corso, J. J.},
	Booktitle = {Proceedings of International Conference on Intelligent Robots and Systems},
	Tags = {mobile robotics, slam, voxel maps, mapping},
	Title = {Fast Voxel Maps with Counting {Bloom} Filters},
	Url = {http://www.cse.buffalo.edu/~jcorso/pubs/ryde_IROS2012_bloom.pdf},
	Year = {2012},
	Bdsk-Url-1 = {http://www.cse.buffalo.edu/~jcorso/pubs/ryde_IROS2012_bloom.pdf}}

@inproceedings{SaCoCVPR2012,
	Author = {Sadanand, S. and Corso, J. J.},
	Booktitle = {{Proceedings of IEEE Conference on Computer Vision and Pattern Recognition}},
	Codedownload = {http://www.cse.buffalo.edu/~jcorso/extdelivery/actionbank_v1_0.tar.bz},
	Projectpage = {http://www.cse.buffalo.edu/~jcorso/r/actionbank/},
	Tags = {computer vision, activity recognition, video understanding},
	Title = {Action {Bank}: {A} High-Level Representation of Activity in Video},
	Url = {http://www.cse.buffalo.edu/~jcorso/pubs/jcorso_CVPR2012_actionbank.pdf},
	Year = {2012},
	Bdsk-Url-1 = {http://www.cse.buffalo.edu/~jcorso/pubs/jcorso_CVPR2012_actionbank.pdf}}

@inproceedings{ScChXiWACV2011,
	Author = {Schlegel, D. R. and Chen, A. Y. C. and Xiong, C. and Delmerico, J. A. and Corso, J. J.},
	Booktitle = {Proceedings of IEEE Winter Vision Meetings: {W}orkshop on Applications of Computer Vision (WACV)},
	Tags = {computer vision, human-computer interaction},
	Title = {{AirTouch}: {I}nteracting with Computer Systems At A Distance},
	Url = {http://www.cse.buffalo.edu/~jcorso/pubs/wacv2011_airtouch.pdf},
	Year = {2011},
	Bdsk-Url-1 = {http://www.cse.buffalo.edu/~jcorso/pubs/wacv2011_airtouch.pdf}}

@inproceedings{XiCoMDMKDD2012,
	Author = {Xiong, C. and Corso, J. J.},
	Booktitle = {Proceedings of Multimedia Data Mining Workshop in Conjunction with the ACM SIGKDD Conference on Knowledge Discovery and Data Mining (MDMKDD)},
	Tags = {computer vision, data mining, cosegmentation, activity recognition, video understanding, machine learning},
	Title = {Coaction Discovery: {S}egmentation of Common Actions Across Multiple Videos},
	Url = {http://www.cse.buffalo.edu/~jcorso/pubs/cxiong_MDMKDD2012_coaction.pdf},
	Year = {2012},
	Bdsk-Url-1 = {http://www.cse.buffalo.edu/~jcorso/pubs/cxiong_MDMKDD2012_coaction.pdf}}

@inproceedings{XiJoCoECDM2012,
	Author = {Xiong, C. and Johnson, D. and Corso, J. J.},
	Booktitle = {Proceedings of European Conference on Data Mining},
	Tags = {data mining, machine learning, spectral clustering, active clustering, graph-based},
	Title = {Spectral Active Clustering via Purification of the $k$-Nearest Neighbor Graph},
	Url = {http://www.cse.buffalo.edu/~jcorso/pubs/ECDM2012_activeclustering.pdf},
	Year = {2012},
	Bdsk-Url-1 = {http://www.cse.buffalo.edu/~jcorso/pubs/ECDM2012_activeclustering.pdf}}

@inproceedings{XiJoCoECDM2012b,
	Author = {Xiong, C. and Johnson, D. and Corso, J. J.},
	Booktitle = {Proceedings of European Conference on Data Mining},
	Tags = {data mining, machine learning, max-margin, metric learning},
	Title = {Efficient Max-Margin Metric Learning},
	Url = {http://www.cse.buffalo.edu/~jcorso/pubs/ECDM2012_maxmargin.pdf},
	Year = {2012},
	Bdsk-Url-1 = {http://www.cse.buffalo.edu/~jcorso/pubs/ECDM2012_maxmargin.pdf}}

@inproceedings{XiJoXuKDD2012,
	Author = {Xiong, C. and Johnson, D. and Xu, R. and Corso, J. J.},
	Booktitle = {Proceedings of ACM SIGKDD International Conference on Knowledge Discovery and Data Mining},
	Codedownload = {http://www.cse.buffalo.edu/~cxiong/RFD_Package.zip},
	Slides = {http://www.cse.buffalo.edu/~jcorso/pubs/cxiong_KDD2012_rfd.ppsx},
	Tags = {data mining, machine learning, metric learning, random forest},
	Title = {Random Forests for Metric Learning with Implicit Pairwise Position Dependence},
	Url = {http://www.cse.buffalo.edu/~jcorso/pubs/xiong_KDD2012.pdf},
	Year = {2012},
	Bdsk-Url-1 = {http://www.cse.buffalo.edu/~jcorso/pubs/xiong_KDD2012.pdf}}

@inproceedings{XuCoCVPR2012,
	Author = {Xu, C. and Corso, J. J.},
	Booktitle = {{Proceedings of IEEE Conference on Computer Vision and Pattern Recognition}},
	Codedownload = {http://bit.ly/MXaxVq},
	Projectpage = {http://bit.ly/OxM7So},
	Tags = {computer vision, video understanding, supervoxel, segmentation, evaluation},
	Title = {Evaluation of Super-Voxel Methods for Early Video Processing},
	Url = {http://www.cse.buffalo.edu/~jcorso/pubs/jcorso_CVPR2012_svx.pdf},
	Year = {2012},
	Bdsk-Url-1 = {http://www.cse.buffalo.edu/~jcorso/pubs/jcorso_CVPR2012_svx.pdf}}

@inproceedings{XuXiCoECCV2012,
	Author = {Xu, C. and Xiong, C. and Corso, J. J.},
	Booktitle = {Proceedings of European Conference on Computer Vision},
	Codedownload = {http://bit.ly/MXaxVq},
	Projectpage = {http://bit.ly/OxM7So},
	Tags = {computer vision, segmentation, graph-based, video understanding, hierarchical, streaming},
	Title = {Streaming Hierarchical Video Segmentation},
	Url = {http://www.cse.buffalo.edu/~jcorso/pubs/jcorso_ECCV2012_streamgbh.pdf},
	Year = {2012},
	Bdsk-Url-1 = {http://www.cse.buffalo.edu/~jcorso/pubs/jcorso_ECCV2012_streamgbh.pdf}}

@inproceedings{XuAgKuAMDO2012,
	Author = {Xu, R. and Agarwal, P. and Kumar, S. and Krovi, V. N. and Corso, J. J.},
	Booktitle = {Proceedings of VII Conference on Articulated Motion and Deformable Objects},
	Slides = {http://www.cse.buffalo.edu/~jcorso/pubs/rxu_AMDO2012_slides.pdf},
	Tags = {computer vision, activity recognition, human pose estimation, video understanding},
	Title = {Combining Skeletal Pose with Local Motion for Human Activity Recognition},
	Url = {http://www.cse.buffalo.edu/~jcorso/pubs/jcorso_AMDO2012.pdf},
	Year = {2012},
	Bdsk-Url-1 = {http://www.cse.buffalo.edu/~jcorso/pubs/jcorso_AMDO2012.pdf}}

@article{Helie_Roeder_Ashby_2010,
	Author = {H\'{e}lie, S. and Roeder, J. L. and Ashby, F. G.},
	Journal = {Journal of Neuroscience},
	Month = oct,
	Number = 42,
	Pages = {14225-34},
	Title = {Evidence for Cortical Automaticity in Rule-Based Categorization},
	Volume = 30,
	Year = 2010}

@article{Helie_Proulx_Lefebvre_2011,
	Author = {H\'{e}lie, S\'{e}bastien and Proulx, Robert and Lefebvre, Bernard},
	Journal = {Neural networks},
	Month = apr,
	Number = 3,
	Pages = {219-32},
	Title = {Bottom-up learning of explicit knowledge using a {Bayesian} algorithm and a new {Hebbian} learning rule},
	Volume = 24,
	Year = 2011}

@article{Helie_Sun_2010,
	Author = {H\'{e}lie, S\'{e}bastien and Sun, Ron},
	Journal = {Psychological review},
	Month = jul,
	Number = 3,
	Pages = {994-1024},
	Title = {Incubation, insight, and creative problem solving: {A} unified theory and a connectionist model},
	Volume = 117,
	Year = 2010}

@article{Soto_Waldschmidt_Helie_Ashby2013,
	Author = {Soto, F. A. and Waldschmidt, Jennifer G. and H\'{e}lie, S\'{e}bastien and Ashby, F. G.},
	Journal = {NeuroImage},
	Title = {Brain activity across the development of automatic categorization: {A} comparison of categorization tasks using multi-voxel pattern analysis},
	Year = 2013,
        Volume = 71,
        Pages = {284-97}}

@article{bemis2011simple,
	Author = {Bemis, Douglas K. and Pylkk\"{a}nen, Liina},
	Journal = {The Journal of Neuroscience},
	Number = 8,
	Pages = {2801-14},
	Publisher = {Soc Neuroscience},
	Title = {Simple composition: {A} magnetoencephalography investigation into the comprehension of minimal linguistic phrases},
	Volume = 31,
	Year = 2011}

@article{binder2009semantic,
	Author = {Binder, Jeffrey R. and Desai, Rutvik H. and Graves, William W. and Conant, Lisa L.},
	Journal = {Cerebral Cortex},
	Number = 12,
	Pages = {2767-96},
	Publisher = {Oxford Univ Press},
	Title = {Where is the semantic system? {A} critical review and meta-analysis of 120 functional neuroimaging studies},
	Volume = 19,
	Year = 2009}

@incollection{coello2012motor,
	Crossref = {LACN},
	Author = {Coello, Yann and Bidet-Ildei, Christel},
	Title = {Motor representation and language in space, object and movement perception},
	Chapter = 4,
	Pages = {83-110}}

@book{LACN,
	Editor = {Coello, Yann and Bartolo, Angela},
	Title = {Language and Action in Cognitive Neuroscience},
	Booktitle = {Language and Action in Cognitive Neuroscience},
	Publisher = {Psychology Press},
	Year = 2012}

@article{dronkers2004lesion,
	Author = {Dronkers, Nina F. and Wilkins, David P. and Van Valin, Jr., Robert D. and Redfern, Brenda B. and Jaeger, Jeri J. and others},
	Journal = {Cognition},
	Number = {1-2},
	Pages = {145-77},
	Publisher = {Elsevier Science},
	Title = {Lesion analysis of the brain areas involved in language comprehension},
	Volume = 92,
	Year = 2004}

@book{Gazzaniga2008,
	Address = {New York},
	Author = {Gazzaniga, M. S. and Ivry, R. B. and Mangun, G. R.},
	Edition = {third},
	Publisher = {W. W. Norton \& Company},
	Title = {Cognitive Neuroscience: {T}he Biology of the Mind},
	Year = {2008}}

@book{Kemmerer2013,
	Address = {New York},
	Author = {Kemmerer, D.},
	Publisher = {Psychology Press},
	Title = {The Cognitive Neuroscience of Language: {A}n Introduction},
	Year = {in press}}

@article{pylkkanen2011grounding,
	Author = {Pylkk\"{a}nen, Liina and Brennan, Jonathan and Bemis, Douglas K.},
	Journal = {Language and Cognitive Processes},
	Number = 9,
	Pages = {1317-37},
	Publisher = {Taylor \& Francis},
	Title = {Grounding the cognitive neuroscience of semantics in linguistic theory},
	Volume = 26,
	Year = 2011}

% Journal does not have page numbers.
% This is "Volume 5 Article 1".
% Journal uses bibtex "number" field for article number within volume
% in official exported bibtex-format citation.
@article{turken2011neural,
	Author = {Turken, Umit and Dronkers, Nina F.},
	Journal = {Frontiers in systems neuroscience},
	Publisher = {Frontiers Research Foundation},
	Title = {The neural architecture of the language comprehension network: {C}onverging evidence from lesion and connectivity analyses},
	Volume = 5,
	Number = 1,
	Year = 2011}

@article{edmister1999,
	Author = {Edmister, Whitney B. and Talavage, Thomas M. and Ledden, Patrick J. and Weisskoff, Robert M. and others},
	Journal = {Human brain mapping},
	Number = 2,
	Pages = {89-97},
	Title = {Improved auditory cortex imaging using clustered volume acquisitions},
	Volume = 7,
	Year = 1999}

@article{talavage1999,
	Author = {Talavage, Thomas M. and Edmister, Whitney B. and Ledden, Patrick J. and Weisskoff, Robert M. and others},
	Journal = {Human brain mapping},
	Number = 2,
	Pages = {79-88},
	Title = {Quantitative assessment of auditory cortex responses induced by imager acoustic noise},
	Volume = 7,
	Year = 1999}

@article{talavage2000,
	Author = {Talavage, Thomas M. and Ledden, Patrick J. and Benson, Randall R. and Rosen, Bruce R. and Melcher, Jennifer R.},
	Journal = {Hearing research},
	Number = 1,
	Pages = {225-44},
	Publisher = {Elsevier},
	Title = {Frequency-dependent responses exhibited by multiple regions in human auditory cortex},
	Volume = 150,
	Year = 2000}

@article{talavage2004,
	Author = {Talavage, Thomas M. and Sereno, Martin I. and Melcher, Jennifer R. and Ledden, Patrick J. and Rosen, Bruce R. and Dale, Anders M.},
	Journal = {Journal of neurophysiology},
	Number = 3,
	Pages = {1282-96},
	Publisher = {Am Physiological Soc},
	Title = {Tonotopic organization in human auditory cortex revealed by progressions of frequency sensitivity},
	Volume = 91,
	Year = 2004}

@inproceedings{Siskind90,
	Address = ACL90Address,
	Author = {Jeffrey Mark Siskind},
	Booktitle = ACL90,
	Month = jun,
	Pages = {143-56},
	Title = {Acquiring Core Meanings of Words, Represented as {Jackendoff}-Style Conceptual Structures, from Correlated Streams of Linguistic and Non-Linguistic Input},
	Year = 1990}

@inproceedings{Siskind93a,
	Author = {Jeffrey Mark Siskind},
	Booktitle = CUNY93,
	Month = mar,
	Pages = {82},
	Title = {Solving a Lexical Acquisition Task via an Encoding as a Propositional Satisfiability Problem},
	Year = 1993}

@inproceedings{Siskind94a,
	Address = AAAI94Address,
	Author = {Jeffrey Mark Siskind},
	Booktitle = AAAI94,
	Month = aug,
	Pages = {760-7666},
	Title = {Lexical Acquisition in the Presence of Noise and Homonymy},
	Year = 1994}

@inproceedings{Siskind95a,
	Author = {Jeffrey Mark Siskind},
	Booktitle = {Proceedings of the {$19^{\mbox{\scriptsize\em th}}$} Boston University Conference on Language Development},
	Editor = {Dawn MacLaughlin and Susan McEwen},
	Month = mar,
	Publisher = Cascadilla,
	Title = {Robust Lexical Acquisition Despite Extremely Noisy Input},
	Year = 1995}

@article{Siskind96,
	Author = {Jeffrey Mark Siskind},
	Journal = Cognition,
	Month = oct,
	Number = 1,
	Pages = {39-91},
	Title = {A Computational Study of Cross-Situational Techniques for Learning Word-to-Meaning Mappings},
	Volume = 61,
	Year = 1996}

@incollection{Siskind2000g,
	Address = OUPAddress,
	Author = {Jeffrey Mark Siskind},
	Booktitle = {Models of Language Acquisition: {I}nductive and Deductive Approaches},
	Editor = {Peter Broeder and Jaap Murre},
	Month = jul,
	Publisher = OUP,
	Title = {Learning Word-to-Meaning Mappings},
	Year = 2000}

@article{BrentS2001,
	Author = {Michael R. Brent and Jeffrey Mark Siskind},
	Journal = Cognition,
	Month = sep,
	Pages = {33-44},
	Title = {The role of exposure to isolated words in early vocabulary development},
	Volume = {81/2},
	Year = 2001}

@article{Siskind95,
	Author = {Jeffrey Mark Siskind},
	Journal = AIReview,
	Pages = {371-91},
	Title = {Grounding Language in Perception},
	Volume = 8,
	Year = {1995}}

@inproceedings{SiskindM96,
	Address = ECCV96Address,
	Author = {Jeffrey Mark Siskind and Quaid Morris},
	Booktitle = ECCV96,
	Month = apr,
	Pages = {347-60},
	Publisher = SpringerVerlag,
	Title = {A Maximum-Likelihood Approach to Visual Event Classification},
	Year = 1996}

@inproceedings{MannJS96,
	Address = ECCV96Address,
	Author = {Richard Mann and Allan D. Jepson and Jeffrey Mark Siskind},
	Booktitle = ECCV96,
	Month = apr,
	Pages = {528-39},
	Publisher = SpringerVerlag,
	Title = {The Computational Perception of Scene Dynamics},
	Year = 1996}

@incollection{Siskind97,
	Address = OUPAddress,
	Author = {Jeffrey Mark Siskind},
	Booktitle = {Symbolic Visual Learning},
	Chapter = 9,
	Editor = {Katsushi Ikeuchi and Manuela Veloso},
	Publisher = OUP,
	Title = {Visual Event Perception},
	Year = 1997}

@article{MannJS97,
	Author = {Richard Mann and Allan D. Jepson and Jeffrey Mark Siskind},
	Journal = CVIU,
	Month = feb,
	Number = 2,
	Title = {The Computational Perception of Scene Dynamics},
	Volume = 65,
	Year = 1997}

@inproceedings{Siskind2000,
	Address = AAAI2000Address,
	Author = {Jeffrey Mark Siskind},
	Booktitle = AAAI2000,
	Pages = {149-55},
	Title = {Visual Event Classification via Force Dynamics},
	Year = 2000}

@article{Siskind2001,
	Author = {Jeffrey Mark Siskind},
	Journal = JAIR,
	Month = aug,
	Pages = {31-90},
	Title = {Grounding the Lexical Semantics of Verbs in Visual Perception using Force Dynamics and Event Logic},
	Volume = 15,
	Year = 2001}

@inproceedings{FernGS2002,
	Address = AAAI2002Address,
	Author = {Alan Paul Fern and Robert L. Givan and Jeffrey Mark Siskind},
	Booktitle = AAAI2002,
	Pages = {152-8},
	Title = {Specific-to-general Learning for Temporal Events},
	Year = 2002}

@inproceedings{FernSG2002,
	Address = AAAI2002Address,
	Author = {Alan Paul Fern and Jeffrey Mark Siskind and Robert L. Givan},
	Booktitle = AAAI2002,
	Pages = {159-66},
	Title = {Learning Temporal, Relational, Force-Dynamic Event Definitions from Video},
	Year = 2002}

@article{FernGS2002a,
	Author = {Alan Paul Fern and Robert L. Givan and Jeffrey Mark Siskind},
	Journal = JAIR,
	Month = dec,
	Pages = {379-449},
	Title = {Specific-to-General Learning for Temporal Events with Application to Learning Event Definitions from Video},
	Volume = 17,
	Year = 2002}

@article{Siskind2003,
	Author = {Jeffrey Mark Siskind},
	Journal = AIJ,
	Month = dec,
	Number = {1--2},
	Pages = {91-154},
	Title = {Reconstructing Force-Dynamic Models from Video Sequences},
	Volume = 151,
	Year = 2003}

@inproceedings{WangS2001,
	Address = ICCV2001Address,
	Author = {Song Wang and Jeffrey Mark Siskind},
	Booktitle = ICCV2001,
	Month = jul,
	Pages = {517-24},
	Publisher = {{IEEE} Computer Society},
	Title = {Image Segmentation with Minimum Mean Cut},
	Volume = 1,
	Year = 2001}

@article{WangS2003,
	Author = {Song Wang and Jeffrey Mark Siskind},
	Journal = IEEEPAMI,
	Month = jun,
	Number = 6,
	Pages = {675-90},
	Title = {Image Segmentation with Ratio Cut},
	Volume = 25,
	Year = 2003}

@inproceedings{PollakSHB2003b,
	Address = {Hong Kong},
	Author = {Ilya Pollak and Jeffrey Mark Siskind and Mary P. Harper and Charles A. Bouman},
	Booktitle = {Proceedings of the 2003 IEEE International Conference on Acoustics, Speech, and Signal Processing},
	Month = apr,
	Pages = {305-8},
	Title = {Modeling and Estimation of Spatial Random Trees with Application to Image Classification},
	Volume = {III},
	Year = 2003}

@inproceedings{PollakSHB2003c,
	Address = {Barcelona, Spain},
	Author = {Ilya Pollak and Jeffrey Mark Siskind and Mary P. Harper and Charles A. Bouman},
	Booktitle = ICIP2003,
	Month = sep,
	Pages = {257-60},
	Title = {Parameter Estimation for Spatial Random Trees Using the {EM} Algorithm},
	Year = 2003}

@inproceedings{WangKS2003,
	Address = {Vancouver, Canada},
	Author = {Song Wang and Toshira Kubota and Jeffrey Mark Siskind},
	Booktitle = {NIPS},
	Title = {Salient Boundary Detection Using Ratio Contour},
	Year = 2003}

@article{WangPWBHS2006,
	Author = {W. Wang and Ilya Pollak and T.-S. Wong and Charles A. Bouman and Mary P. Harper and Jeffrey Mark Siskind},
	Journal = IEEEIP,
	Month = oct,
	Number = 10,
	Pages = {3033-52},
	Title = {Hierarchal Stochastic Image Grammars for Classification and Segmentation},
	Volume = 15,
	Year = 2006}

@article{SiskindSPHB2007,
	Author = {Jeffrey Mark Siskind and Sherman, Jr., James J. and Ilya Pollak and Mary P. Harper and Charles A. Bouman},
	Journal = IEEEPAMI,
	Month = sep,
	Number = 9,
	Pages = {1504-19},
	Title = {Spatial Random Tree Grammars for Modeling Hierarchal Structure in Images with Regions of Arbitrary Shape},
	Volume = 29,
	Year = 2007}

@inproceedings{pearlmutter-siskind-popl-2007,
	Address = {Nice, France},
	Author = {Barak A. Pearlmutter and Jeffrey Mark Siskind},
	Booktitle = {Proc of the 2007 Symposium on Principles of Programming Languages},
	Doi = {10.1145/1190215.1190242},
	Month = jan,
	Pages = {155-60},
	Title = {Lazy Multivariate Higher-Order Forward-Mode {AD}},
	Xcrossref = {POPL-2007},
	Year = 2007,
	Bdsk-Url-1 = {http://dx.doi.org/10.1145/1190215.1190242}}

@proceedings{POPL-2007,
	Address = {Nice, France},
	Booktitle = {Proceedings of the 2007 Symposium on Principles of Programming Languages},
	Editor = {Matthias Felleisen},
	Month = jan,
	Year = 2007}

@article{PearlmutterSiskind2008a,
	Author = {Barak A. Pearlmutter and Jeffrey Mark Siskind},
	Doi = {10.1145/1330017.1330018},
	Journal = TOPLAS,
	Month = mar,
	Number = 2,
	Pages = {1-36},
	Title = {Reverse-Mode {AD} in a Functional Framework: {L}ambda the Ultimate Backpropagator},
	Volume = 30,
	Year = 2008,
	Bdsk-Url-1 = {http://dx.doi.org/10.1145/1330017.1330018}}

@article{SiskindPearlmutter2008a,
	Author = {Jeffrey Mark Siskind and Barak A. Pearlmutter},
	Doi = {10.1007/s10990-008-9037-1},
	Journal = HOSC,
	Number = 4,
	Pages = {361-76},
	Title = {Nesting Forward-Mode {AD} in a Functional Framework},
	Volume = 21,
	Year = 2008,
	Bdsk-Url-1 = {http://dx.doi.org/10.1007/s10990-008-9037-1}}

@inproceedings{Pearlmutter-Siskind-2008,
	Author = {Barak A. Pearlmutter and Jeffrey Mark Siskind},
	Crossref = {AD2008},
	Doi = {10.1007/978-3-540-68942-3_8},
	Pages = {79-90},
	Title = {Using Programming Language Theory to Make {AD} Sound and Efficient},
	Bdsk-Url-1 = {http://dx.doi.org/10.1007/978-3-540-68942-3_8}}

@proceedings{AD2008,
	Address = {Bonn, Germany},
	Booktitle = {Advances in Automatic Differentiation},
	Editor = {Christian H. Bischof and H. Martin B\"{u}cker and Paul D. Hovland and Uwe Naumann and J. Utke},
	Month = aug,
	Publisher = SpringerVerlag,
	Series = {LNCSE 64},
	Title = {Advances in Automatic Differentiation},
	Xisbn = {978-3-540-68935-5},
	Year = 2008}

@inproceedings{Radul2012,
	Author = {Alexey Radul and Barak A. Pearlmutter and Jeffrey Mark Siskind},
	Crossref = {AD2012},
	Pages = {273-84},
	Title = {{AD} in {Fortran}: {I}mplementation via Prepreprocessor}}

@proceedings{AD2012,
	Address = {Fort Collins, CO, USA},
	Booktitle = {Recent Advances in Algorithmic Differentiation},
	Editor = {Shaun Forth and Paul Hovland and Eric Phipps and Jean Utke and Andrea Walther},
	Month = jul # {~23--27},
	Publisher = {Springer},
	Series = {Lecture Notes in Computational Science and Engineering},
	Title = {Recent Advances in Algorithmic Differentiation},
	Volume = 87,
	Xisbn = {978-3-642-30022-6},
	Year = 2012}

@article{Siddharth2012,
	Author = {N. Siddharth and A. Barbu and J. M. Siskind},
	Journal = {Advances in Cognitive Systems},
	Pages = {77-94},
	Title = {Seeing Unseeability to See the Unseeable},
	Volume = 2,
	Xauthor = {Siddharth Narayanaswamy and Andrei Barbu and Jeffrey Mark Siskind},
	Year = 2012}

@inproceedings{Barbu2010,
	Author = {A. Barbu and N. Siddharth and J. M. Siskind},
	Booktitle = {Proceedings of the IEEE International Conf. on Robotics and Automation},
	Location = {Anchorage, Alaska},
	Month = may,
	Title = {Learning Physically-Instantiated Game Play Through Visual Observation},
	Xauthor = {Andrei Barbu and Siddharth Narayanaswamy and Jeffrey Mark Siskind},
	Year = 2010}

@article{wang2005salient,
	Author = {Wang, Song and Kubota, Toshiro and Siskind, Jeffrey Mark and Wang, Jun},
	Journal = {Pattern Analysis and Machine Intelligence, IEEE Transactions on},
	Number = 4,
	Pages = {546-61},
	Publisher = {IEEE},
	Title = {Salient closed boundary extraction with ratio contour},
	Volume = 27,
	Year = 2005}

@inproceedings{wingate2011,
	Author = {Wingate, David and Goodman, Noah D. and Siskind, Jeffrey M.},
	Booktitle = {Neural Information Processing Systems (NIPS)},
	Location = {Granada, Spain},
	Month = dec,
	Title = {Nonstandard Interpretations of Probabilistic Programs for Efficient Inference},
	Year = 2011}

@inproceedings{zhang2012superedge,
	Author = {Zhang, Zhiqi and Fidler, Sanja and Waggoner, Jarrell and Cao, Yu and Dickinson, Sven and Siskind, Jeffrey Mark and Wang, Song},
	Booktitle = {Computer Vision and Pattern Recognition (CVPR), 2012 IEEE Conference on},
	Organization = {IEEE},
	Pages = {3266-73},
	Title = {Superedge grouping for object localization by combining appearance and shape information},
	Year = 2012}

@book{MillerJ76,
	Address = HUPAddress,
	Author = {Geroge A. Miller and P. N. Johnson-Laird},
	Publisher = HUP,
	Title = {Language and Perception},
	Year = 1976}

@incollection{Miller72,
	Address = {Washington, DC},
	Author = {George A. Miller},
	Booktitle = {Coding Processes in Human Memory},
	Chapter = 14,
	Editor = {Arthur W. Melton and Edwin Martin},
	Pages = {335-72},
	Publisher = {V. H. Winston and Sons, Inc.},
	Title = {{English} Verbs of Motion: {A} Case Study in Semantics and Lexical Memory},
	Year = 1972}

@book{Jackendoff83,
	Address = MITPressAddress,
	Author = {Ray Jackendoff},
	Publisher = MITPress,
	Title = {Semantics and Cognition},
	Year = 1983}

@book{Jackendoff90,
	Address = MITPressAddress,
	Author = {Ray Jackendoff},
	Publisher = MITPress,
	Title = {Semantic Structures},
	Year = 1990}

@incollection{JackendoffL91,
	Address = LEAAddress,
	Author = {Ray Jackendoff and Barbara Landau},
	Booktitle = {Bridges Between Psychology and Linguistics: {A} Swarthmore Festschrift for Lila Gleitman},
	Editor = {Donna Jo Napoli and Judy Anne Kegl},
	Publisher = LEA,
	Title = {Spatial Language and Spatial Cognition},
	Year = 1991}

@book{Pinker89,
	Address = MITPressAddress,
	Author = {Steven Pinker},
	Publisher = MITPress,
	Title = {Learnability and Cognition},
	Year = 1989}

@techreport{Schank73,
	Author = {Roger C. Schank},
	Institution = SAIL,
	Month = mar,
	Number = {AIM-183},
	Title = {The Fourteen Primitive Actions and Their Inferences},
	Type = {{Memo}},
	Year = 1973}

@article{Talmy88,
	Author = {Leonard Talmy},
	Journal = CogSci,
	Number = 1,
	Pages = {49-100},
	Publisher = {Elsevier},
	Title = {Force Dynamics in Language and Cognition},
	Volume = 12,
	Year = 1988}

@incollection{Talmy83,
	Address = PlenumAddress,
	Author = {Leonard Talmy},
	Booktitle = {Spatial Orientation: {T}heory, research, and application},
	Editor = {H. Pick and L. Acredolo},
	Publisher = Plenum,
	Title = {How Language Structures Space},
	Year = 1983}

@book{Lakoff87,
	Author = {George Lakoff},
	Publisher = UChicagoPress,
	Title = {Women, Fire, and Dangerous Things},
	Year = 1987}

@book{LakoffJ80,
	Author = {George Lakoff and Mark Johnson},
	Publisher = UChicagoPress,
	Title = {Metaphors We Live By},
	Year = 1980}

@book{Herskovits86,
	Address = CUPAddress,
	Author = {Annette Herskovits},
	Publisher = CUP,
	Title = {Language and Spatial Cognition: {A}n Interdisciplinary Study of the Prepositions in {English}},
	Year = 1986}

@article{LeslieK87,
	Author = {Alan M. Leslie and Stephanie Keeble},
	Journal = Cognition,
	Pages = {265-88},
	Title = {Do Six-Month-Old Infants Perceive Causality?},
	Volume = 25,
	Year = 1987}

@inproceedings{dalal:05,
	Author = {N. Dalal and B. Triggs},
	Booktitle = CVPR,
	Title = {Histogram of Oriented Gradients for human detection},
	Year = {2005}}

@article{hanke2009pymvpa,
	Author = {Hanke, Michael and Halchenko, Yaroslav O. and Sederberg, Per B. and Hanson, Stephen Jos\'{e} and Haxby, James V. and Pollmann, Stefan},
	Journal = {Neuroinformatics},
	Number = 1,
	Pages = {37-53},
	Publisher = {Springer},
	Title = {{PyMVPA}: {A} {Python} toolbox for multivariate pattern analysis of {fMRI} data},
	Volume = 7,
	Year = 2009}

@article{hanson1990connectionist,
	Author = {Hanson, Stephen {Jos\'{e}} and Burro, David J.},
	Journal = {BEHAVIORAL AND BRAIN SCIENCES},
	Pages = {471-518},
	Title = {What connectionist models learn: {L}earning and representation in connectionist networks},
	Volume = 13,
	Year = 1990}

@article{hanson2001distribution,
	Author = {Hanson, Stephen Jos\'{e} and Bly, Benjamin Martin},
	Journal = {NeuroReport},
	Number = 9,
	Pages = {1971-7},
	Publisher = {LWW},
	Title = {The distribution of BOLD susceptibility effects in the brain is non-Gaussian},
	Volume = 12,
	Year = 2001}

@article{hanson2004combinatorial,
	Author = {Hanson, Stephen Jos\'{e} and Matsuka, Toshihiko and Haxby, James V.},
	Journal = {Neuroimage},
	Number = 1,
	Pages = {156-66},
	Publisher = {Elsevier},
	Title = {Combinatorial codes in ventral temporal lobe for object recognition: {H}axby (2001) revisited: {I}s there a ``face'' area?},
	Volume = 23,
	Year = 2004}

@article{hanson1996development,
	Author = {Hanson, Catherine and Hanson, Stephen Jos\'{e}},
	Journal = {Journal of Cognitive Neuroscience},
	Number = 2,
	Pages = {119-34},
	Publisher = {MIT Press},
	Title = {Development of schemata during event parsing: {N}eisser's perceptual cycle as a recurrent connectionist network},
	Volume = 8,
	Year = 1996}

@article{poldrack2009decoding,
	Author = {Poldrack, Russell A. and Halchenko, Yaroslav O. and Hanson, Stephen Jos\'{e}},
	Journal = {Psychological Science},
	Number = 11,
	Pages = {1364-72},
	Publisher = {SAGE Publications},
	Title = {Decoding the large-scale structure of brain function by classifying mental states across individuals},
	Volume = 20,
	Year = 2009}

@article{kriegeskorte2007individual,
	Author = {Kriegeskorte, Nikolaus and Formisano, Elia and Sorger, Bettina and Goebel, Rainer},
	Journal = {Proceedings of the National Academy of Sciences},
	Number = 51,
	Pages = {20600-5},
	Publisher = {National Acad Sciences},
	Title = {Individual faces elicit distinct response patterns in human anterior temporal cortex},
	Volume = 104,
	Year = 2007}

@article{kiani2007object,
	Author = {Kiani, Roozbeh and Esteky, Hossein and Mirpour, Koorosh and Tanaka, Keiji},
	Journal = {Journal of Neurophysiology},
	Number = 6,
	Pages = {4296-309},
	Publisher = {Am Physiological Soc},
	Title = {Object category structure in response patterns of neuronal population in monkey inferior temporal cortex},
	Volume = 97,
	Year = 2007}

@article{fellbaum1998wordnet,
	Author = {Fellbaum, C.},
	Journal = {Cambrige, MIT Press, Language, Speech, and Communication},
	Title = {{WordNet}: {A}n electronic lexical database},
	Year = 1998}

@article{fellbaum1990english,
	Author = {Fellbaum, C.},
	Journal = {International Journal of Lexicography},
	Number = 4,
	Pages = {278-301},
	Publisher = {Oxford Univ Press},
	Title = {English verbs as a semantic net},
	Volume = 3,
	Year = 1990}

@inproceedings{bakerfellbaum2009,
	Author = {Baker, Collin F. and Fellbaum, Christiane},
	Booktitle = {Proceedings of the Third Linguistic Annotation Workshop},
	Pages = {125-9},
	Publisher = {Association for Computational Linguistics},
	Title = {{WordNet} and {FrameNet} as Complementary Resources for Annotation},
	Year = 2009}

@article{clark2008augmenting,
	Author = {Clark, P. and Fellbaum, C. and Hobbs, J. R. and Harrison, P. and Murray, W. R. and Thompson, J.},
	Journal = {Proceedings of STEP},
	Pages = {45-57},
	Title = {Augmenting {WordNet} for deep understanding of text},
	Year = 2008}

@inproceedings{fellbaum2008towards,
	Author = {Fellbaum, C. and Clark, P. and Hobbs, J.},
	Booktitle = {Text Resources and Lexical Knowledge: {S}elected Papers from the 9th Conference on Natural Language Processing KONVENS 2008},
	Organization = {De Gruyter Mouton},
	Pages = 81,
	Title = {Towards improved text understanding with {WordNet}},
	Volume = 8,
	Year = 2008}

@article{sheinmanetal2013,
	Author = {Sheinman, V. and Fellbaum, C. and Julien, I. and Schulam, P. and Tokunaga, T.},
	Journal = {Lexical Resources and Evaluation},
	Title = {Large, huge or gigantic? {I}dentifying and encoding intensity relations among adjectives in {WordNet}},
	Year = {to appear}}

@inproceedings{fillmorewooters2001,
	Author = {Fillmore, Charles J. and Wooters, Charles and Baker, Collin F.},
	Booktitle = {Proceedings of the Pacific Asian Conference on Language, Information and Computation},
	Organization = {Hong Kong},
	Pages = {3-25},
	Title = {Building a large lexical databank which provides deep semantics},
	Year = {2001}}

@book{pustejovsky1995,
	Author = {James Pustejovsky},
	Title = {Generative Semantics},
	Publisher = {MIT Press},
	Year = {1995}}

@article{TANG-ETAL2000-WAS99A,
	Author = {Akaysha C. Tang and Barak A. Pearlmutter and Michael Zibulevsky and Scott A. Carter},
	Crossref = {CNS99},
	Pages = {1115-20},
	Title = {Blind Separation of Multichannel Neuromagnetic Responses}}

@inproceedings{TANG-ETAL2000-WAS99B,
	Author = {Akaysha C. Tang and Barak A. Pearlmutter and Michael Zibulevsky and Tim A. Hely and Michael P. Weisend},
	Crossref = {NIPS12},
	Pages = {185-91},
	Title = {An {MEG} Study of Response Latency and Variability in the Human Visual System During a Visual-Motor Integration Task},
	Xurl = {http://nips.djvuzone.org/djvu/nips12/0185.djvu}}

@article{TANG-ETAL2002A,
	Author = {Akaysha C. Tang and Barak A. Pearlmutter and Natalie A. Malaszenko and Dan B. Phung and Bethany C. Reeb},
	Journal = NeuComp,
	Month = Aug,
	Number = 8,
	Pages = {1827-58},
	Title = {Independent Components of Magnetoencephalography: {L}ocalization},
	Volume = 14,
	Year = 2002}

@article{TANG-ETAL2000E,
	Author = {Akaysha C. Tang and Barak A. Pearlmutter and Dan B. Phung and Natalie A. Malaszenko},
	Journal = NeuroIm,
	Title = {Independent Components of Magnetoencephalography: {S}ingle-trial Response Onset Times},
	Xxnote = {Withdrawn, published against my will, wrong author order},
	Year = 2002}

@article{PARRA-ETAL-2002A,
	Author = {Lucas Parra and Chris Alvino and Akaysha Tang and Barak Pearlmutter and Nick Yeung and Allen Osman and Paul \v{S}ajda},
	Journal = NeuroIm,
	Month = sep,
	Number = 1,
	Pages = {223-30},
	Title = {Linear Spatial Integration for Single-Trial Detection in Encephalography},
	Volume = 17,
	Year = 2002,
	Abstract = {Conventional analysis of electroencephalography (EEG) and
        magnetoencephalography (MEG) often relies on averaging over
        multiple trials to extract statistically relevant
        differences between two or more experimental conditions. In
        this article we demonstrate single-trial detection by
        linearly integrating information over multiple spatially
        distributed sensors within a predefined time window. We
        report an average, single-trial discrimination performance
        of Az [approx] 0.80 and fraction correct between 0.70 and
        0.80, across three distinct encephalographic data sets. We
        restrict our approach to linear integration, as it allows
        the computation of a spatial distribution of the
        discriminating component activity. In the present set of
        experiments the resulting component activity distributions
        are shown to correspond to the functional neuroanatomy
        consistent with the task (e.g., contralateral sensory-motor
        cortex and anterior cingulate). Our work demonstrates how
        a purely data-driven method for learning an optimal spatial
        weighting of encephalographic activity can be validated
        against the functional neuroanatomy.}}

@article{PARRA-ETAL-2003A,
	Author = {Lucas Parra and Chris Alvino and Akaysha Tang and Barak Pearlmutter and Nick Yeung and Allen Osman and Paul \v{S}ajda},
	Journal = {Neurocomputing},
	Month = jun,
	Pages = {177-83},
	Title = {Single-trial detection in {EEG} and {MEG}: {K}eeping it linear},
	Volume = {52-54},
	Year = 2003}

@article{Matthews-etal-2008a,
	Author = {Fiachra Matthews and Barak A. Pearlmutter and Tomas E. Ward and Christopher Soraghan and Charles Markham},
	Doi = {10.1109/MSP.2007.909011},
	Journal = {IEEE Signal Processing Magazine},
	Month = jan,
	Number = 1,
	Pages = {87-94},
	Title = {Hemodynamics for Brain-Computer Interfaces: {O}ptical correlates of control signals},
	Volume = 25,
	Year = 2008,
	Bdsk-Url-1 = {http://dx.doi.org/10.1109/MSP.2007.909011}}

@inproceedings{Matthews-etal-2008b,
	Author = {Matthews, Fiachra and Soraghan, Christopher and Ward, Tomas E. and Markham, Charles and Pearlmutter, Barak A.},
	Crossref = {EMBS-2008},
	Pages = {4840-3},
	Title = {Software Platform for Rapid Prototyping of {NIRS} Brain Computer Interfacing Techniques}}

@inproceedings{Soraghan-etal-2008a,
	Author = {C. Soraghan and F. Matthews and C. Markham and B. A. Pearlmutter and R. O'Neill and T. E. Ward},
	Crossref = {EMBS-2008},
	Pages = {5648-51},
	Title = {A 12-channel, real-time near-infrared spectroscopy instrument for brain-computer interface applications}}

@proceedings{EMBS-2008,
	Address = {Vancouver, British Columbia, Canada},
	Booktitle = {30th Annual International IEEE EMBS Conference},
	Key = {EMBS-2008},
	Month = aug # {~20--24},
	Publisher = IEEE,
	Title = {30th Annual International IEEE EMBS Conference},
	Xbooktitle = {Engineering in Medicine and Biology Society},
	Year = 2008}

@inproceedings{PEARLMUTTER-PARRA96A,
	Author = {Barak A. Pearlmutter and Lucas C. Parra},
	Crossref = {ICONIP96},
	Pages = {151-7},
	Title = {A Context-Sensitive Generalization of {ICA}},
	Url = {http://www.bcl.hamilton.ie/~barak/papers/iconip-96-cica.ps.gz},
	Bdsk-Url-1 = {http://www.bcl.hamilton.ie/~barak/papers/iconip-96-cica.ps.gz}}

@article{ZIBULEVSKY-PEARLMUTTER-2001A,
	Author = {Michael Zibulevsky and Barak A. Pearlmutter},
	Journal = NeuComp,
	Month = apr,
	Number = 4,
	Pages = {863-82},
	Title = {Blind Source Separation by Sparse Decomposition in a Signal Dictionary},
	Volume = 13,
	Year = 2001}

@inproceedings{PEARLMUTTER-OLSSON-2006A,
	Author = {Barak A. Pearlmutter and Rasmus K. Olsson},
	Crossref = {MLSP2006},
	Doi = {10.1109/MLSP.2006.275587},
	Pages = {421-6},
	Title = {Linear Program Differentiation for Single-Channel Speech Separation},
	Bdsk-Url-1 = {http://dx.doi.org/10.1109/MLSP.2006.275587}}

@incollection{ASARI-ETAL-CHAPTER-2007a,
	Author = {Hiroki Asari and Rasmus K. Olsson and Barak A. Pearlmutter and Anthony M. Zador},
	Chapter = 14,
	Crossref = {BSS-SPEECH-BOOK},
	Title = {Sparsification for Monaural Source Separation},
	Xpages = 25}

@article{OGRADY-PEARLMUTTER-2008a,
	Author = {Paul D. O'Grady and Barak A. Pearlmutter},
	Doi = {10.1016/j.neucom.2008.01.033},
	Journal = {Neurocomputing},
	Number = {1--3},
	Pages = {88-101},
	Title = {Discovering Speech Phones Using Convolutive Non-negative Matrix Factorisation with a Sparseness Constraint},
	Volume = 72,
	Xnote = {NEUCOM-D-07-00188, modified from Chapter 4 of \citet{OGRADY07}},
	Year = 2008,
	Bdsk-Url-1 = {http://dx.doi.org/10.1016/j.neucom.2008.01.033}}

@inproceedings{DEFREIN-ETAL-2009A,
	Author = {de Fr\'{e}in, Ruair\'{i} and Scott Rickard and Barak A. Pearlmutter},
	Crossref = {ICA-2009},
	Doi = {10.1007/978-3-642-00599-2_72},
	Pages = {573-80},
	Title = {Constructing Time-Frequency Dictionaries for Source Separation via Time-Frequency Masking and Source Localisation},
	Bdsk-Url-1 = {http://dx.doi.org/10.1007/978-3-642-00599-2_72}}

@article{ASARI-ETAL-2006A,
	Author = {Hiroki Asari and Barak A. Pearlmutter and Anthony M. Zador},
	Doi = {10.1523/JNEUROSCI.1563-06.2006},
	Journal = JNeurosci,
	Number = 28,
	Pages = {7477-90},
	Pmid = 16837596,
	Title = {Sparse Representations for the Cocktail Party Problem},
	Volume = 26,
	Xurl = {http://www.jneurosci.org/cgi/content/abstract/26/28/7477},
	Year = 2006,
	Bdsk-Url-1 = {http://dx.doi.org/10.1523/JNEUROSCI.1563-06.2006}}

@incollection{Halchenko-etal-2005a,
	Author = {Yaroslav O. Halchenko and Stephen Jos\'{e} Hanson and Barak A. Pearlmutter},
	Chapter = 8,
	Crossref = {Landini-MRI-book},
	Pages = {223-65},
	Title = {Multimodal Integration: {fMRI}, {MRI}, {EEG}, and {MEG}},
	Url = {http://www.onerussian.com/Sci/fusion/fusion-chapter/HHP05.pdf},
	Bdsk-Url-1 = {http://www.onerussian.com/Sci/fusion/fusion-chapter/HHP05.pdf}}

@unpublished{Calhoun-etal-2013a,
	Author = {Vince D. Calhoun and Vamsi K. Potluru and Ronald Phlypo and Rogers F. Silva and Barak A. Pearlmutter and Arvind Caprihan and Sergey M. Plis and T\"{u}lay Adal\i{}},
	Note = {In review},
	Title = {Independent Component Analysis for Brain {fMRI} Does Indeed Select for Maximal Independence},
	Year = {in press}}

@article{PEARLMUTTER94A,
	Author = {Barak A. Pearlmutter},
	Doi = {10.1162/neco.1994.6.1.147},
	Journal = NeuComp,
	Number = 1,
	Pages = {147-60},
	Title = {Fast Exact Multiplication by the {H}essian},
	Volume = 6,
	Xurl = {ftp://archive.cis.ohio-state.edu/pub/neuroprose/pearlmutter.hessian.ps.Z},
	Year = 1994,
	Bdsk-Url-1 = {http://dx.doi.org/10.1162/neco.1994.6.1.147}}

@article{PEARLMUTTER94C,
	Author = {Barak A. Pearlmutter},
	Doi = {10.1109/72.410363},
	Journal = ieeetrNN,
	Number = 5,
	Pages = {1212-28},
	Title = {Gradient Calculation for Dynamic Recurrent Neural Networks: {A} Survey},
	Volume = 6,
	Year = 1995,
	Bdsk-Url-1 = {http://dx.doi.org/10.1109/72.410363}}

@article{JUN-ETAL-2002A,
	Author = {Sung Chan Jun and Barak A. Pearlmutter and Guido Nolte},
	Doi = {10.1088/0031-9155/47/14/312},
	Journal = {Physics in Medicine and Biology},
	Month = jul # {~21},
	Number = 14,
	Pages = {2547-60},
	Title = {Fast accurate {MEG} source localization using a multilayer perceptron trained with real brain noise},
	Volume = 47,
	Year = 2002,
	Bdsk-Url-1 = {http://dx.doi.org/10.1088/0031-9155/47/14/312}}

@article{JUN-ETAL-2003A-WAS2002D,
	Author = {Sung Chan Jun and Barak A. Pearlmutter and Guido Nolte},
	Doi = {10.1109/TBME.2003.812154},
	Journal = ieeetrBME,
	Month = jun,
	Number = 6,
	Pages = {786-9},
	Title = {{MEG} source localization using a {MLP} with a distributed output representation},
	Volume = 50,
	Year = 2003,
	Bdsk-Url-1 = {http://dx.doi.org/10.1109/TBME.2003.812154}}

@article{CNS99,
	Journal = {Neurocomputing},
	Volume = {32--33},
	Xbooktitle = {Computational Neuroscience},
	Xeditor = {James M. Bower},
	Xnote = {Also proceedings of CNS*99},
	Year = 2000}

@proceedings{NIPS12,
	Booktitle = NIPS # { 12},
	Key = {NIPS*99},
	Publisher = MIT,
	Title = NIPS # { 12},
	Year = 2000}

@proceedings{ICONIP96,
	Address = {Hong Kong},
	Booktitle = {International Conference on Neural Information Processing},
	Key = {ICONIP'96},
	Month = sep # {~24--27},
	Publisher = SPRINGER,
	Title = {International Conference on Neural Information Processing},
	Year = 1996}

@proceedings{MLSP2006,
	Address = {Maynooth, Ireland},
	Booktitle = {International Workshop on Machine Learning for Signal Processing},
	Editor = {Scott C. Douglas},
	Month = sep # {~6--8},
	Publisher = IEEE,
	Title = {International Workshop on Machine Learning for Signal Processing},
	Year = 2006}

@book{BSS-SPEECH-BOOK,
	Booktitle = {Blind Speech Separation},
	Editor = {Shoji Makino and Te-Won Lee and Hiroshi Sawada},
	Publisher = SPRINGER,
	Title = {Blind Speech Separation},
	Xisbn = {978-1-4020-6478-4},
	Year = 2007}

@proceedings{ICA-2009,
	Address = {Paraty, Brazil},
	Booktitle = {8th International Conference on Independent Component Analysis and Signal Separation},
	Doi = {10.1007/978-3-642-00599-2},
	Isbn = {978-3-642-00598-5},
	Key = {ICA-2009},
	Month = mar # {~15--18},
	Publisher = SPRINGER,
	Series = {LNCS 5441},
	Title = {8th International Conference on Independent Component Analysis and Signal Separation},
	Year = 2009,
	Bdsk-Url-1 = {http://dx.doi.org/10.1007/978-3-642-00599-2}}

@book{Landini-MRI-book,
	Booktitle = {Advanced Image Processing in Magnetic Resonance Imaging},
	Editor = {Luigi Landini and Vincenzo Positano and Maria Filomena Santarelli},
	Isbn = {0824725425},
	Publisher = {Dekker},
	Series = {Signal Processing and Communications},
	Year = 2005}

@article{malaia2013,
	Author = {Malaia, E. and Wilbur, R. B. and Milkovic, M.},
	Journal = {Journal of Speech, Language, and Hearing Research},
	Title = {Kinematic parameters of signed verbs at morpho-phonology interface},
	Year = {in press}}

@article{malaia2011event,
	Author = {Malaia, Evie and Ranaweera, Ruwan and Wilbur, Ronnie B. and Talavage, Thomas M.},
	Journal = {Neuroimage},
	Publisher = {Elsevier},
	Title = {Event segmentation in a visual language: {N}eural bases of processing {American} {Sign} {Language} predicates},
	Year = 2011}

@article{malaia2012kinematic,
	Author = {Malaia, Evie and Wilbur, Ronnie B.},
	Journal = {Language and Speech},
	Number = 3,
	Pages = {407-21},
	Publisher = {SAGE Publications},
	Title = {Kinematic Signatures of Telic and Atelic Events in {ASL} Predicates},
	Volume = 55,
	Year = 2012}

@article{malaia2012c,
	Author = {Malaia, E. and Wilbur, R. B. and Weber-Fox, C.},
	Journal = {Journal of Psycholinguistic Research},
	Number = {5},
	Pages = {323-45},
	Title = {Down the garden path in {EEG}: {T}elicity effects on thematic role re-assignment in relative clauses with transitive verbs},
	Volume = {41},
	Year = {2012}}

@article{malaia2009erp,
	Author = {Malaia, Evguenia and Wilbur, Ronnie B. and Weber-Fox, Christine},
	Journal = {Brain and language},
	Number = 3,
	Pages = {145-58},
	Publisher = {Elsevier},
	Title = {{ERP} evidence for telicity effects on syntactic processing in garden-path sentences},
	Volume = 108,
	Year = 2009}

@inproceedings{malaia2008analysis,
	Author = {Malaia, Evguenia and Borneman, John and Wilbur, Ronnie B.},
	Booktitle = {Semantics in Text Processing. STEP 2008 Conference Proceedings},
	Pages = {155-64},
	Title = {Analysis of {ASL} motion capture data towards identification of verb type},
	Year = 2008}

@article{malaia2012neuroimage,
	Author = {Malaia, E. and R. Ranaweera and R. B. Wilbur and T. M. Talavage},
	Journal = {Neuroimage},
	Title = {Neural representation of event structure in {American} {Sign} {Language}: {fMRI} comparison of cortical activations in deaf signers and hearing non-signers},
	Volume = {59},
	Year = {2012}}

@unpublished{benitez-quiroz2013,
	Author = {Benitez-Quiroz, C. F. and K. G\"{o}kg\"{o}z and R. B. Wilbur and A. Martinez},
	Title = {A linguistic computational approach to uncover diagnostic features in non-manuals of {American} {Sign} {Language}},
	Year = {in press}}

@article{wilbur2005reanalysis,
	Author = {Wilbur, Ronnie B.},
	Journal = {Studies in reduplication},
	Pages = {593-620},
	Title = {A reanalysis of reduplication in {American} {Sign} {Language}},
	Year = 2005}

@article{wilbur2006SLL,
	Author = {Wilbur, R. B.},
	Journal = {Sign Language \& Linguistics},
	Title = {Investigating Understudied Sign Languages: {Croatian} {SL} and {Austrian} {SL}, with comparison to {American} {SL}},
	Volume = 9,
	Year = 2006}

@article{wilbur2004complex,
	Author = {Wilbur, Ronnie B.},
	Journal = {Theoretical issues in sign language research},
	Title = {Complex Predicates involving Events, Time and Aspect: {I}s this why sign languages look so similar},
	Year = 2004}

@incollection{wilbur2008,
	Author = {Wilbur, R. B.},
	Booktitle = {Signs of the time: {S}elected papers from {TISLR} 2004},
	Editor = {J. Quer},
	Pages = {217-50},
	Publisher = {Signum Press},
	Title = {Complex predicates involving events, time and aspect: {I}s this why sign languages look so similar?},
	Year = 2008}

@article{wilbur2009productive,
	Author = {Wilbur, Ronnie B.},
	Journal = {Language Sciences},
	Number = 2,
	Pages = {325-42},
	Publisher = {Elsevier},
	Title = {Productive reduplication in a fundamentally monosyllabic language},
	Volume = 31,
	Year = 2009}

@article{wilbur2010semantics,
	Author = {Wilbur, Ronnie},
	Journal = {Sign languages: {A} Cambridge language survey},
	Pages = {355-80},
	Title = {The semantics--phonology interface},
	Year = 2010}

@techreport{wilbur2006tr,
	Author = {Wilbur, R. B. and Kak, A. C.},
	Institution = {School of Electrical and Computer Engineering, Purdue University},
	Key = {TR-ECE-06-12},
	Title = {Purdue {RVL-SLLL} {American} {Sign} {Language} Database},
	Year = 2006}

% from wilbur

@article{raichle2011restless,
  title={The restless brain},
  author={Raichle, Marcus E.},
  journal={Brain Connectivity},
  volume=1,
  number=1,
  pages={3-12},
  year=2011,
  publisher={Mary Ann Liebert, Inc. 140 Huguenot Street, 3rd Floor New Rochelle, NY 10801 USA}
}
@article{britz2010bold,
  title={BOLD correlates of EEG topography reveal rapid resting-state network dynamics},
  author={Britz, Juliane and Van De Ville, Dimitri and Michel, Christoph M.},
  journal={Neuroimage},
  volume=52,
  number=4,
  pages={1162-70},
  year=2010,
  publisher={Elsevier}
}
@article{churchland1988perspectives,
  title={Perspectives on cognitive neuroscience},
  author={Churchland, Patricia S. and Sejnowski, Terrence J. and others},
  journal={Science},
  volume=242,
  number=4879,
  pages={741-5},
  year=1988
}
@article{horwitz2002can,
  title={How can EEG/MEG and fMRI/PET data be combined?},
  author={Horwitz, Barry and Poeppel, David and others},
  journal={Human brain mapping},
  volume=17,
  number=1,
  pages={1-3},
  year=2002,
  publisher={New York: Wiley-Liss, c1993-}
}
@article{kreiman2000imagery,
  title={Imagery neurons in the human brain.},
  author={Kreiman, Gabriel and Koch, Christof and Fried, Itzhak},
  journal={Nature},
  volume=408,
  number=6810,
  pages={357-61},
  year=2000
}
@article{newman2012effect,
  title={The Effect of Individual Differences in Working Memory Capacity on Sentence Comprehension: An fMRI Study},
  author={Newman, Sharlene D. and Malaia, Evie and Seo, Roy and Cheng, Hu},
  journal={Brain topography},
  pages={1-10},
  year=2012,
  publisher={Springer}
}
@article{wu2010reactivity,
  title={Reactivity of hemodynamic responses and functional connectivity to different states of alpha synchrony: a concurrent EEG-fMRI study},
  author={Wu, Lei and Eichele, Tom and Calhoun, Vince D.},
  journal={Neuroimage},
  volume=52,
  number=4,
  pages={1252-60},
  year=2010,
  publisher={Elsevier}
}
@article{van2010eeg,
  title={EEG microstate sequences in healthy humans at rest reveal scale-free dynamics},
  author={Van De Ville, Dimitri and Britz, Juliane and Michel, Christoph M.},
  journal={Proceedings of the National Academy of Sciences},
  volume=107,
  number=42,
  pages={18179-84},
  year=2010,
  publisher={National Acad Sciences}
}
@article{zacks2001human,
  title={Human brain activity time-locked to perceptual event boundaries},
  author={Zacks, Jeffrey M. and Braver, Todd S. and Sheridan, Margaret A. and Donaldson, David I. and Snyder, Abraham Z. and Ollinger, John M. and Buckner, Randy L. and Raichle, Marcus E. and others},
  journal={Nature neuroscience},
  volume=4,
  number=6,
  pages={651-5},
  year=2001,
  publisher={New York, NY: Nature America Inc., c1998-}
}
@article{jackendoff2007parallel,
  title={A parallel architecture perspective on language processing},
  author={Jackendoff, Ray},
  journal={Brain Research},
  volume=1146,
  pages={2-22},
  year=2007,
  publisher={Elsevier}
}
@article{jensen2010shaping,
  title={Shaping functional architecture by oscillatory alpha activity: gating by inhibition},
  author={Jensen, Ole and Mazaheri, Ali},
  journal={Frontiers in human neuroscience},
  volume=4,
  year=2010,
  publisher={Frontiers Media SA}
}
@article{folli2008teleology,
  title={Teleology and animacy in external arguments},
  author={Folli, Raffaella and Harley, Heidi},
  journal={Lingua},
  volume=118,
  number=2,
  pages={190-202},
  year=2008,
  publisher={Elsevier}
}
@article{haegens2009somatosensory,
  title={Somatosensory working memory performance in humans depends on both engagement and disengagement of regions in a distributed network},
  author={Haegens, Saskia and Osipova, Daria and Oostenveld, Robert and Jensen, Ole},
  journal={Human brain mapping},
  volume=31,
  number=1,
  pages={26-35},
  year=2009,
  publisher={Wiley Online Library}
}
@article{klimesch1997eeg,
  title={EEG-alpha rhythms and memory processes},
  author={Klimesch, Wolfgang},
  journal={International Journal of Psychophysiology},
  volume=26,
  number={1-3},
  pages={319-40},
  year=1997,
  publisher={Elsevier}
}
@Unpublished{malaia-newman-2013a,
  author = 	 {Malaia, E. and Newman, S.},
  title = 	 {Noun animacy and verbal telicity jointly modulate sentence processing: an EEG study},
  note = 	 {under review},
  year = 	 {in press}
}
@Unpublished{malaia-newman-2013b,
  author = 	 {Malaia, E. and Newman, S.},
  title = 	 {Cortical representation of pragmatics-syntactic interface processing in sentence comprehension},
  note = 	 {under review},
  year = 	 {in press}
}
@Unpublished{malaia-newman-2013c,
  author = 	 {Malaia, E. and Newman, S.},
  title = 	 {Neural representation of verbs of mental states},
  note = 	 {under review},
  year = 	 {in press}
}
@article{obleser2011suppressed,
  title={Suppressed alpha oscillations predict intelligibility of speech and its acoustic details},
  author={Obleser, Jonas and Weisz, Nathan},
  journal={Cerebral Cortex},
  year=2011,
  publisher={Oxford Univ Press}
}
@article{pulvermuller2009understanding,
  title={Understanding in an instant: neurophysiological evidence for mechanistic language circuits in the brain},
  author={Pulverm\"{u}ller, Friedemann and Shtyrov, Yury and Hauk, Olaf},
  journal={Brain and language},
  volume=110,
  number=2,
  pages={81-94},
  year=2009,
  publisher={Elsevier}
}
@article{sauseng2005shift,
  title={A shift of visual spatial attention is selectively associated with human EEG alpha activity},
  author={Sauseng, P. and Klimesch, W. and Stadler, W. and Schabus, M. and Doppelmayr, M. and Hanslmayr, S. and Gruber, W. R. and Birbaumer, N.},
  journal={European Journal of Neuroscience},
  volume=22,
  number=11,
  pages={2917-26},
  year=2005,
  publisher={Wiley Online Library}
}
@article{shetreet2010neural,
  title={The neural correlates of linguistic distinctions: unaccusative and unergative verbs},
  author={Shetreet, Einat and Friedmann, Naama and Hadar, Uri},
  journal={Journal of Cognitive Neuroscience},
  volume=22,
  number=10,
  pages={2306-15},
  year=2010,
  publisher={MIT Press}
}
@article{shetreet2009cortical,
  title={Cortical representation of verbs with optional complements: The theoretical contribution of fMRI},
  author={Shetreet, Einat and Friedmann, Naama and Hadar, Uri},
  journal={Human brain mapping},
  volume=31,
  number=5,
  pages={770-85},
  year=2009,
  publisher={Wiley Online Library}
}
@article{shetreet2007cortical,
  title={Cortical representation of verb processing in sentence comprehension: number of complements, subcategorization, and thematic frames},
  author={Shetreet, Einat and Palti, Dafna and Friedmann, Naama and Hadar, Uri},
  journal={Cerebral Cortex},
  volume=17,
  number=8,
  pages={1958-69},
  year=2007,
  publisher={Oxford Univ Press}
}
@article{romagno2012brain,
  title={Where the brain appreciates the final state of an event: The neural correlates of telicity},
  author={Romagno, Domenica and Rota, Giuseppina and Ricciardi, Emiliano and Pietrini, Pietro},
  journal={Brain and Language},
  year=2012,
  publisher={Elsevier}
}
@article{voytek2010shifts,
  title={Shifts in gamma phase--amplitude coupling frequency from theta to alpha over posterior cortex during visual tasks},
  author={Voytek, Bradley and Canolty, Ryan T. and Shestyuk, Avgusta and Crone, Nathan E. and Parvizi, Josef and Knight, Robert T.},
  journal={Frontiers in human neuroscience},
  volume=4,
  year=2010,
  publisher={Frontiers Media SA}
}

% needs work: number and pages
% (28-May-2013: as yet available only online, with no page numbers)
@article{Hassabis-etal-2013a,
 title={Imagine All the People: How the Brain Creates and Uses
    Personality  Models to Predict Behavior},
 author={Demis Hassabis and R. Nathan Spreng and Andrei A. Rusu and
    Clifford A. Robbins and Raymond A. Mar and Daniel L. Schacter},
 journal={Cerebral Cortex},
 year=2013,
 volume=23,
 Xdoi={10.1093/cercor/bht042},
}

@article{binder2000human,
  title={Human temporal lobe activation by speech and nonspeech sounds},
  author={Binder, J. R. and Frost, J. A. and Hammeke, T. A. and Bellgowan, P. S. F. and Springer, J. A. and Kaufman, J. N. and Possing, E. T.},
  journal={Cerebral Cortex},
  volume={10},
  number={5},
  pages={512-28},
  year={2000},
  publisher={Oxford Univ Press}
}

@article{puce1996differential,
  title={Differential sensitivity of human visual cortex to faces, letterstrings, and textures: a functional magnetic resonance imaging study},
  author={Puce, Aina and Allison, Truett and Asgari, Maryam and Gore, John C. and McCarthy, Gregory},
  journal={The Journal of Neuroscience},
  volume={16},
  number={16},
  pages={5205-15},
  year={1996},
  publisher={Soc Neuroscience}
}

@article{damasio1996neural,
  title={A neural basis for lexical retrieval},
  author={Damasio, Hanna and Grabowski, Thomas J. and Tranel, Daniel and Hichwa, Richard D. and Damasio, Antonio R. and others},
  journal={Nature},
  volume={380},
  number={6574},
  pages={499-505},
  year={1996}
}

@article{cox1996afni,
  title={{AFNI}: software for analysis and visualization of functional magnetic resonance neuroimages},
  author={Cox, Robert W. and others},
  journal={Computers and Biomedical Research},
  volume={29},
  number={3},
  pages={162-73},
  year={1996},
  publisher={San Diego: Academic Press, c1967-c2000.}
}

@article{brooks1991intelligence,
  title={Intelligence without representation},
  author={Brooks, Rodney A.},
  journal={Artificial intelligence},
  volume={47},
  number={1},
  pages={139-59},
  year={1991},
  publisher={Elsevier}
}

@article{kriegeskorte2006information,
  title={Information-based functional brain mapping},
  author={Kriegeskorte, Nikolaus and Goebel, Rainer and Bandettini, Peter},
  journal={Proceedings of the National Academy of Sciences of the United States of America},
  volume={103},
  number={10},
  pages={3863-8},
  year={2006},
  publisher={National Acad Sciences}
}

@book{smith1996origin,
  title={On the origin of objects},
  author={Smith, Brian Cantwell},
  Xvolume={708},
  year={1996},
  publisher={MIT Press Cambridge, MA}
}

% -------------------------------------------------------------------------------
% nips2013e
% -------------------------------------------------------------------------------
@techreport{tomasi1991,
 author = {C. Tomasi and T. Kanade},
 institution = {Carnegie Mellon University},
 number = {CMU-CS-91-132},
 title = {Detection and Tracking of Point Features},
 address= "Pittsburgh, PA",
 year = 1991}

% pages
@InProceedings{laptev:08,
  author       = "Ivan Laptev and Marcin Marsza{\l}ek and Cordelia
Schmid and Benjamin Rozenfeld",
  title        = "Learning Realistic Human Actions from Movies",
  booktitle    = CVPR2008,
  year         = 2008}

@INPROCEEDINGS{Sivic2003,
  author={Sivic, J. and Zisserman, A.},
  booktitle=CVPR2003,
  title={Video {G}oogle: a text retrieval approach to object matching in
  videos},
  year=2003,
  Xmonth=oct,
  volume = 2,
  pages={1470-1477},
  Xdoi={10.1109/ICCV.2003.1238663}}

% pages
@InProceedings{Jie2009,
  author = {L. Jie and B. Caputo and V. Ferrari},
  title = {Who's Doing What: Joint Modeling of Names and Verbs for Simultaneous
           Face and Pose Annotation},
  booktitle = NIPS,
  year = 2009,
  Xmonth = dec}

@inproceedings{Farhadi2010,
  author = {Farhadi, Ali and Hejrati, Mohsen and Sadeghi, Mohammad and Young,
            Peter and Rashtchian, Cyrus and Hockenmaier, Julia and Forsyth,
            David},
  title = {Every Picture Tells a Story: Generating Sentences from Images},
  booktitle = ECCV2010,
  Xeditor = {Daniilidis, Kostas and Maragos, Petros and Paragios, Nikos},
  pages = {15-29},
  year = 2010}

@INPROCEEDINGS{Li2011a,
  author={Piji Li and Jun Ma},
  booktitle={First Asian Conference on Pattern Recognition},
  title={What is happening in a still picture?},
  year=2011,
  month=nov,
  pages={32-36},
  Xdoi={10.1109/ACPR.2011.6166555}}

@inproceedings{Yang2011,
 author = {Yang, Yezhou and Teo, Ching Lik and {Daum\'{e} III}, Hal and
           Aloimonos, Yiannis},
 title = {Corpus-guided sentence generation of natural images},
 booktitle = {Proceedings of the Conference on Empirical Methods in Natural
              Language Processing},
 year = 2011,
 pages = {444-454}}

% pages
@inproceedings{Gupta2012,
  author = {Ankush Gupta and Yashaswi Verma and C. Jawahar},
  title = {Choosing Linguistics over Vision to Describe Images},
  booktitle = AAAI2012,
  year = 2012}

% pages
@InProceedings{Mitchell2012,
  author = {Margaret Mitchell and Jesse Dodge and Amit Goyal and Kota
            Yamaguchi and Karl Stratos and Xufeng Han and Alyssa Mensch
            and Alexander C. Berg and Tamara L. Berg and Hal {Daum\'{e} III}},
  title =  {Midge: Generating Image Descriptions From Computer Vision
            Detections},
  booktitle = {Proceedings of the 13th Conference of the European Chapter of
               the Association for Computational Linguistics},
  year = 2012}

@article{Kojima2002,
  author = {Kojima, Atsuhiro and Tamura, Takeshi and Fukunaga, Kunio},
  title = {Natural Language Description of Human Activities from Video Images
           Based on Concept Hierarchy of Actions},
  journal = IJCV,
  volume = 50,
  number = 2,
  month = nov,
  year = 2002,
  pages = {171-184},
  Xdoi = {10.1023/A:1020346032608}}

@inproceedings{Tena2007,
  author = {Fern\'{a}ndez Tena, Carles and Baiget, Pau and Roca, Xavier and
            Gonz\`{a}lez, Jordi},
  title = {Natural Language Descriptions of Human Behavior from Video
           Sequences},
  booktitle = {Advances in Artificial Intelligence},
  pages = {279-292},
  year = 2007}

@InProceedings{Khan2012,
  author    = {Khan, Muhammad Usman Ghani  and  Gotoh, Yoshihiko},
  title     = {Describing Video Contents in Natural Language},
  booktitle = {Proceedings of the Workshop on Innovative Hybrid Approaches to
               the Processing of Textual Data},
  Xmonth     = apr,
  year      = {2012},
  Xaddress   = {Avignon, France},
  pages     = {27-35}}

@article {Wang2012,
   author = {Wang, Zhiyong and Guan, Genliang and Qiu, Yu and Zhuo, Li and
             Feng, Dagan},
   title = {Semantic context based refinement for news video annotation},
   journal = {Multimedia Tools and Applications},
   publisher = {Springer Netherlands},
   pages = {1-21},
   year = 2012}

@inproceedings{Barbu2012a,
  author = {A. Barbu and A. Bridge and Z. Burchill and D. Coroian and
	    S. Dickinson  and S. Fidler and A. Michaux and S. Mussman and
	    N. Siddharth  and D. Salvi and L. Schmidt and J. Shangguan and
	    J. M. Siskind and J. Waggoner and S. Wang and J. Wei and
	    Y. Yin and Z. Zhang},
  title = {Video In Sentences Out},
  booktitle = {Proceedings of the Twenty-Eighth Conference on Uncertainty in
               Artificial Intelligence},
  location = {Catalina Island, California},
  pages = {102-112},
  month = aug,
  year = 2012}

@article{Barbu2012b,
  author = {A. Barbu and N. Siddharth and A. Michaux and J. M. Siskind},
  title = {Simultaneous Object Detection, Tracking, and Event Recognition},
  journal = {Advances in Cognitive Systems},
  volume = {2},
  pages = {203-220},
  year = 2012,
  month = dec}

@inproceedings{Felzenszwalb2010b,
 author = {P. F. Felzenszwalb and R. B. Girshick and D. McAllester},
 title = {Cascade Object Detection with Deformable Part Models},
 pages = {2241-2248},
 booktitle = CVPR2010,
 Xpublisher = IEEEPress,
 Xaddress = CVPR2010Address,
 year = 2010}

% needs work: techreport
@techreport{Felzenszwalb2004,
 title = {Distance Transforms of Sampled Functions},
 volume = 4,
 number = {TR2004-1963},
 institution = {Cornell Computing and Information Science},
 author = {P. F. Felzenszwalb and D. P. Huttenlocher},
 year = 2004}

@article{wolf1989,
 author = "Wolf, J. K. and Viterbi, A. M. and Dixon, G. S.",
 title = "Finding the Best Set of {K} Paths through a Trellis with Application
          to Multitarget Tracking",
 journal = {IEEE Transactions on Aerospace and Electronic Systems},
 volume = 25,
 year = 1989,
 number = 2,
 month = mar,
 pages = "287-296",
 bibsource = "http://www.visionbib.com/bibliography/motion-f710.html#TT72108"
}

% needs work: number
@article{Viterbi1971,
 author = {A. J. Viterbi},
 title = {Convolutional codes and their performance in communication systems},
 journal = IEEECOM,
 volume = 19,
 year = 1971,
 pages = {751-772},
 month = oct}

@article{Baum1966,
 author = {L. E. Baum and T. Petrie},
 title = {Statistical inference for probabilistic functions of finite state
	  {M}arkov chains},
 journal = {The Annals of Mathematical Statistics},
 volume = 37,
 year = 1966,
 pages = {1554-1563}}

@Article{Everingham10,
  author       = "Everingham, M. and Van Gool, L. and Williams, C. K. I. and
                  Winn, J. and Zisserman, A.",
  title        = "The {PASCAL Visual Object Classes (VOC)} Challenge",
  journal      = IJCV,
  number       = "2",
  volume       = "88",
  pages        = "303-338",
  year         = "2010",
}

@InProceedings{Kuehne11,
   author= "Kuehne, H. and Jhuang, H. and Garrote, E. and Poggio, T. and
            Serre, T.",
   title = "{HMDB}: a large video database for human motion recognition",
   booktitle = "Proceedings of the International Conference on Computer Vision",
   year = "2011",
}

@inproceedings{Liu2009,
 author = {J. Liu and J. Luo and M. Shah},
 title = {Recognizing Realistic Actions from Videos ``in the Wild''},
 booktitle = CVPR2009,
 pages = {1996-2003},
 year = 2009}

@inproceedings{Schuldt2004,
 author = {Schuldt, Christian and Laptev, Ivan and Caputo, Barbara},
 title = {Recognizing Human Actions: A Local SVM Approach},
 booktitle = {Proceedings of the Pattern Recognition, 17th International
              Conference on},
 year = {2004},
 pages = {32-36},
 numpages = {5},
}

% needs work: month
@inproceedings{Blank2005,
 author	= {M. Blank and L. Gorelick and E. Shechtman and M. Irani and
	   R. Basri},
 title 	= {Actions as Space-Time Shapes},
 booktitle = ICCV2005,
 year = 2005,
 pages	= {1395-402},
}

% needs work: pages location month
@inproceedings{Rodriguez2008,
 author = {M. D. Rodriguez and J. Ahmed and M. Shah},
 title = {Action {MACH}: A spatio-temporal maximum average correlation
	  height filter for action recognition},
 booktitle = CVPR2008,
 year = 2008}

% needs work: month
@article{Wang2009,
 author = {Wang, Y. and Mori, G.},
 title = {Human Action Recognition by Semilatent Topic Models},
 journal = IEEEPAMI,
 volume = 31,
 number = 10,
 year = 2009,
 pages = {1762-74},
 issn = {0162-8828}}

@article{Li2002,
  author    = {Baoxin Li and
	       Rama Chellappa},
  title     = {A generic approach to simultaneous tracking and verification
	       in video},
  journal   = IEEETIP,
  volume    = 11,
  number    = 5,
  year      = 2002,
  pages     = {530-544},
}

% -------------------------------------------------------------------------------
% icra2011
% -------------------------------------------------------------------------------
@article{Kovesi1999,
  Xauthor =	 {Peter Kovesi},
  author =	 {P. Kovesi},
  title =	 {Image Features from Phase Congruency},
  journal =	 {Videre: A Journal of Computer Vision Research},
  year =	 1999,
  volume =	 1,
  number =	 3
}

@article{Chen1993,
  Xauthor =	 {Chen, Bintong and Harker, Patrick T.},
  author =	 {Chen, B. and Harker, P. T.},
  title =	 {A non-interior-point continuation method for linear
		  complementarity problems},
  journal =	 {SIAM Journal of Matrix Analysis Applications},
  volume =	 14,
  number =	 4,
  year =	 1993,
  issn =	 {0895-4798},
  pages =	 {1168-90},
  doi =		 {http://dx.doi.org/10.1137/0614081},
  publisher =	 {Society for Industrial and Applied Mathematics},
  address =	 {Philadelphia, PA, USA},
}

@article{Kanzow1996,
  author =	 {Kanzow, C.},
  title =	 {Some Noninterior Continuation Methods for Linear
		  Complementarity Problems},
  journal =	 {SIAM Journal of Matrix Analysis Applications},
  volume =	 17,
  number =	 4,
  year =	 1996,
  issn =	 {0895-4798},
  pages =	 {851-68},
  doi =		 {http://dx.doi.org/10.1137/S0895479894273134},
  publisher =	 {Society for Industrial and Applied Mathematics},
  address =	 {Philadelphia, PA, USA},
}

@inproceedings{Smale1986,
  Xauthor = {Stephen Smale},
  author = {Smale, S.},
  title = {Algorithms for solving equations},
  booktitle = {Proceedings of the International Congress of Mathematicians},
  pages = {172-95},
  year = 1986
}

@article{Canny1986,
  author =	 {Canny, J.},
  title =	 {A computational approach to edge detection},
  journal =	 IEEEPAMI,
  volume =	 8,
  number =	 6,
  year =	 1986,
  issn =	 {0162-8828},
  pages =	 {679-98},
  doi =		 {http://dx.doi.org/10.1109/TPAMI.1986.4767851},
  publisher =	 {IEEE Computer Society},
  address =	 {Washington, DC, USA},
}

@ARTICLE{Konstantinides1994,
  Xauthor =	 {Konstantinos Konstantinides and John R. Rasure},
  author =	 {K. Konstantinides and J. R. Rasure},
  title =	 {The {K}horos software development environment for image and signal processing},
  journal =	 IEEETIP,
  year =	 1994,
  volume =	 3,
  pages =	 {243-52}
}

@phdthesis{Speelpenning1980,
  Xauthor = {Bert Speelpenning},
  author = {B. Speelpenning},
  title = {Compiling Fast Partial Derivatives of Functions Given by
	   Algorithms},
  school = {Department of Computer Science, University of Illinois at
	    Urbana-Champaign},
  month = jan,
  year = 1980}

@misc{Wolfe1962,
  author = {P. Wolfe},
  title = {The reduced gradient method},
  note = {unpublished},
  institution = {The RAND Corporation},
  month = jun,
  year = 1962}

@incollection{Wolfe1967,
  author = {P. Wolfe},
  title = {Methods of Nonlinear Programming},
  chapter = 6,
  booktitle = {Nonlinear Programming},
  editor = {J. Abadie},
  publisher = {Interscience, John Wiley},
  year = 1967,
  pages = {97-131}}

@article{Marr1978,
  author =	 {Marr, D. and Nishihara, H. K.},
  journal =	 {Proceedings of the Royal Society of London. Series
		  B, Biological Sciences},
  number =	 1140,
  pages =	 {269-94},
  publisher =	 {JSTOR},
  title =	 {{Representation and recognition of the spatial
		  organization of three-dimensional shapes}},
  volume =	 200,
  year =	 1978
}

@article{Siskind2007,
  author =	 {J. M. Siskind and J. Sherman Jr. and I. Pollak and
		  M. P. Harper and C. A. Bouman},
  title =	 {Spatial Random Tree Grammars for Modeling Hierarchal
		  Structure in Images with Regions of Arbitrary Shape},
  journal =	 IEEEPAMI,
  volume =	 29,
  issn =	 {0162-8828},
  year =	 2007,
  pages =	 {1504-19},
  doi =          {http://doi.ieeecomputersociety.org/10.1109/TPAMI.2007.1169},
  publisher =	 {IEEE Computer Society},
  address =	 {Los Alamitos, CA, USA},
}

@article{Wang2006,
  author =	 {W. Wang and I. Pollak and T.-S. Wong and
		  C. A. Bouman and M. P. Harper and J. M.Siskind},
  title =	 {Hierarchical stochastic image grammars for
		  classification and segmentation},
  journal =	 IEEETIP,
  year =	 2006,
  volume =	 15,
  pages =	 {3033-52}
}

@inproceedings{Savova2008,
  author =	 {Savova, V. and Tenenbaum, J.B.},
  booktitle =	 {Proceedings of the 30th Annual Meeting of the
		  Cognitive Science Society},
  title =	 {A grammar-based approach to visual category
		  learning},
  year =	 2008
}

@article{Comaniciu2002,
 author = {D. Comaniciu and P. Meer},
 title = {Mean Shift: A Robust Approach Toward Feature Space Analysis},
 journal = IEEEPAMI,
 volume = 24,
 number = 5,
 year = 2002,
 issn = {0162-8828},
 pages = {603-19},
 doi = {http://dx.doi.org/10.1109/34.1000236},
 publisher = {IEEE Computer Society},
 address = {Washington, DC, USA}}

% -------------------------------------------------------------------------------
% acs2012a
% -------------------------------------------------------------------------------
@misc{needswork,
 author = {\needswork},
 title = {\needswork},
 year = 2011}

@inproceedings{Siddharth2011,
 Xauthor = {Siddharth Narayanaswamy and Andrei Barbu and Jeffrey Mark Siskind},
 author = {N. Siddharth and A. Barbu and J. M. Siskind},
 title = {A Visual Language Model for Estimating Object Pose and Structure in a Generative Visual Domain},
 booktitle = ICRA,
 location = {Shanghai, China},
 month = may,
 pages = {4854-60},
 publisher = {IEEE Press},
 year = 2011}

% needs work: month
@article{Biederman1987,
 author = {Biederman, I.},
 title = {Recognition-by-components: A theory of human image
	  understanding},
 journal = {Psychological review},
 volume = 94,
 number = 2,
 pages = {115-47},
 year = 1987}

% needs work: month
@article{Lauriere1978,
 author = {J.-L. Lauriere},
 title = {A language and a program for stating and solving
 	  combinatorial problems},
 journal = AIJ,
 volume = 10,
 number = 1,
 pages = {29-127},
 year = 1978}

% needs work: month
@article{Mackworth1977,
 author = {A. K. Mackworth},
 title = {Consistency in networks of relations},
 journal = AIJ,
 volume = 8,
 number = 1,
 pages = {99-118},
 year = 1977}

% needs work: month
@article{Land1960,
 author = {Land, A. H. and Doig, A. G.},
 title = {An Automatic Method of Solving Discrete Programming
	  Problems},
 journal = {Econometrica},
 volume = 28,
 number = 3,
 pages = {497-520},
 year = 1960}

% needs work: number month
@article{DempsterLR77,
 author = {A. P. Dempster and N. M. Laird and D. B. Rubin},
 title = {Maximum Likelihood from Incomplete Data via the {EM}
	  Algorithm},
 journal = JRSSB,
 volume = 39,
 pages = {1-38},
 year = 1977}

% needs work: number month
@article{Baum72,
 author = {L. E. Baum},
 title = {An Inequality and Associated Maximization Technique in
	  Statistical Estimation of Probabilistic Functions of a
	  {M}arkov Process},
 journal = {Inequalities},
 volume = 3,
 pages = {1-8},
 year = 1972}

% Inequalities III was held at the university of california, los angeles, september 1--9, 1969
%   editor   =  {O Shisha},
@inproceedings{Baum1972,
  author = {L. E. Baum},
  title = {An Inequality and Associated Maximization Technique in Statistical
            Estimation for Probabilistic Functions of {M}arkov Processes},
  booktitle = {Inequalities-III: Proceedings of the Third Symposium on Inequalities},
  publisher =  {Academic Press},
  address  =  {New York, NY},
  pages = {1-8},
  year = 1972}

% needs work: month
@article{BaumPSW70,
 author = {L. E. Baum and T. Petrie and G. Soules and N. Weiss},
 title = {A Maximization Technique Occuring in the Statistical
	  Analysis of Probabilistic Functions of {M}arkov Chains},
 journal = {The Annals of Mathematical Statistics},
 volume = 41,
 number = 1,
 pages = {164-71},
 year = 1970}

@article{FreydPC88,
 author = {J. J. Freyd and T. M. Pantzer and J. L. Cheng},
 title = {Representing Statics as Forces in Equilibrium},
 journal = {Journal of Experimental Psychology, General},
 volume = 117,
 number = 4,
 pages = {395-407},
 year = 1988,
 month = dec}

% needs work: month
@article{Baillargeon87,
 author = {R. Baillargeon},
 title = {Object Permanence in {$3\frac{1}{2}$}- and
	  {$4\frac{1}{2}$}-Month-Old Infants},
 journal = {Developmental Psychology},
 volume = 23,
 number = 5,
 pages = {655-64},
 year = 1987}

% needs work: month
@article{Baillargeon86,
 author = {R. Baillargeon},
 title = {Representing the existence and the location of hidden objects: Object permanence in 6- and 8-month-old infants},
 journal = {Cognition},
 volume = 23,
 number = {1},
 pages = {21-41},
 publisher = {Elsevier},
 year = 1986}

% needs work: month
@article{Streri1988,
 author = {A. Streri and E. S. Spelke},
 title = {Haptic perception of objects in infancy},
 journal = {Cognitive Psychology},
 volume = 20,
 number = 1,
 pages = {1-23},
 year = 1988}

% needs work: number month
@article{Wynn1998,
 author = {K. Wynn},
 title = {Psychological foundations of number: Numerical competence in human
	  infants},
 journal = {Trends in Cognitive Sciences},
 volume = 2,
 pages = {296-303},
 year = 1998}

@article{Shi2000,
 author = {J. Shi and J. Malik},
 title = {Normalized Cuts and Image Segmentation},
 journal = IEEEPAMI,
 volume = 22,
 number = 8,
 pages = {888-905},
 year = 2000}

@inproceedings{Maire2008,
 author = {Maire, M. and Arbelaez, P. and Fowlkes, C. and Malik, J.},
 title = {Using contours to detect and localize junctions in natural images},
 booktitle = IEEECVPR,
 year = 2008,
 month = jun,
 publisher = {IEEE Press},
 pages = {1-8}}

@book{Koller2009,
 title = {Probabilistic Graphical Models: Principles and Techniques},
 author = {D. Koller and N. Friedman},
 year = 2009,
 publisher = {MIT Press}}

@inproceedings{Bajcsy1988,
 author = {Bajcsy, Ruzena},
 title = {Active Perception},
 booktitle = {Proceedings of the {IEEE}},
 volume = 76,
 pages = {966-1005},
 month = aug,
 publisher = {IEEE Press},
 year = 1988}

@article{Maver1993,
 author = {Maver, J. and Bajcsy, R.},
 title = {Occlusions as a Guide for Planning the Next View},
 journal = IEEEPAMI,
 volume = {15},
 issue = {5},
 month = may,
 year = {1993},
 issn = {0162-8828},
 pages = {417-33},
 numpages = {17},
 acmid = {628466},
 publisher = {IEEE Computer Society},
 address = {Washington, DC, USA}}

@inproceedings{Gupta2010,
 author = {Gupta, Abhinav and Efros, Alexei and Hebert, Martial},
 title = {Blocks World Revisited: Image Understanding Using Qualitative Geometry and Mechanics},
 booktitle = {Proceedings of the Eleventh European Conference on Computer Vision},
 volume = {6314},
 pages = {482-96},
 publisher = {Springer},
 year = 2010}

@article{Hoiem2011,
  author = {Derek Hoiem and Alexei A. Efros and Martial Hebert},
  title = {Recovering Occlusion Boundaries from an Image.},
  journal = {International Journal of Computer Vision},
  volume = 91,
  number = 3,
  pages = {328-46},
  year = 2011}

@inproceedings{Lee2009,
 author = {Lee, David Changsoo and Hebert, Martial and Kanade, Takeo},
 title = {Geometric Reasoning for Single Image Structure Recovery},
 booktitle = IEEECVPR,
 month = jun,
 publisher = {IEEE Press},
 year = 2009}

@inproceedings{Saxena2007,
 author = {Saxena, Ashutosh and Sun, Min and Ng, Andrew. Y},
 title = {Learning 3-d scene structure from a single still image},
 booktitle = {Proceedings of the ICCV Workshop on 3D Representation for Recognition},
 year = {2007},
 address = {Rio de Janeiro, Brazil},
}

@article{Saxena2008,
  author = {Saxena, Ashutosh and Sun, Min and Ng, Andrew. Y},
  title={Make3d: Learning 3d scene structure from a single still image},
  journal=IEEEPAMI,
  volume={31},
  number={5},
  month = may,
  pages={824-40},
  year={2008},
  publisher={IEEE Press}}

@inproceedings{Zach2008,
 author = {Christopher Zach and Arnold Irschara and Horst Bischof},
 title = {What Can Missing Correspondences Tell Us About 3D Structure and Motion?},
 booktitle = IEEECVPR,
 year = 2008,
 month = jun,
 publisher = {IEEE Press},
 pages = {1-8}}

@article{Roy2004,
 author = {Sumantra Dutta Roy and Santanu Chaudhury and Subhashis Banerjee},
 title = {Active recognition through next view planning: a survey},
 journal = {Pattern Recognition},
 volume = {37},
 number = {3},
 pages = {429-46},
 year = 2004}

@inproceedings{Delage2006,
 author={Delage, E. and Honglak Lee and Ng, A.Y.},
 booktitle= IEEECVPR,
 title={A Dynamic {Bayesian} Network Model for Autonomous 3D Reconstruction from a Single Indoor Image},
 month=jun,
 volume={2},
 pages={2418-28},
 publisher = {IEEE Press},
 year=2006}

@article{Fischler1981,
 author = {Fischler, Martin A. and Bolles, Robert C.},
 title = {Random sample consensus: a paradigm for model fitting with applications to image analysis and automated cartography},
 journal = {Communications of the ACM},
 volume = {24},
 issue = {6},
 month = {June},
 year = {1981},
 pages = {381-95},
 numpages = {15},
 publisher = {ACM},
 address = {New York, NY, USA},
 keywords = {automated cartography, camera calibration, image matching, location determination, model fitting, scene analysis}}

@article{Paletta2000,
  author    = {Lucas Paletta and
               Axel Pinz},
  title     = {Active object recognition by view integration and reinforcement
               learning},
  journal   = {Robotics and Autonomous Systems},
  volume    = {31},
  number    = {1-2},
  year      = {2000},
  pages     = {71-86}}

@article{Tarabanis1995,
 author={Tarabanis, K.A. and Allen, P.K. and Tsai, R.Y.},
 journal={IEEE Transactions on Robotics and Automation},
 title={A survey of sensor planning in computer vision},
 year={1995},
 month={feb},
 volume={11},
 number={1},
 pages={86-104}}

@InCollection{Waltz1975,
  author = 	 {D. Waltz},
  title = 	 {Understanding line drawings of scenes with shadows},
  booktitle = 	 {The Psychology of Computer Vision},
  pages =	 {19-91},
  publisher =	 {McGraw-Hill},
  year =	 1975,
  editor =	 {Patrick Winston},
  isbn = 	 0070710481,
  googleid = 	 {KOn-JnCIQhEJ:scholar.google.com/},
  keywords = 	 {ai vision},
  cluster = 	 1243706462379632936
}

% accepted as poster, not paper
% http://csjarchive.cogsci.rpi.edu/Proceedings/2009/contents2.html
@inproceedings{Savova2009,
  author =	 {Savova, V. and J{\"{a}}kel, F. and Tenenbaum, J.B.},
  booktitle =	 {Proceedings of the Thirty-First Annual Meeting of the
		  Cognitive Science Society},
  title =	 {Grammar-based object representations in a scene
		  parsing task},
  location = {Amsterdam},
  year = 2009
}

% missing pages
% http://drops.dagstuhl.de/opus/frontdoor.php?source_opus=1611
@inproceedings{Lippow2008,
  Xauthor =	 {Meg Aycinena Lippow and Leslie Pack Kaelbling and
		  Tomas Lozano-Perez},
  author =	 {Aycinena Lippow, M. and Kaelbling, L. P. and
		  Lozano-Perez, T.},
  title =	 {Learning Grammatical Models for Object Recognition},
  booktitle =	 {Logic and Probability for Scene Interpretation },
  year =	 2008,
  number =	 08091,
  series =	 {Dagstuhl Seminar Proceedings},
  ISSN =	 {1862-4405},
  address =	 {Dagstuhl, Germany},
  publisher =	 {Schloss Dagstuhl - Leibniz-Zentrum fuer Informatik},
  annote =	 {Keywords: Object recognition, grammars, structure
		  learning}
}

@article{Zhu2006,
  Xauthor =	 {Zhu, Song-Chun and Mumford, David},
  author =	 {Zhu, S.-C. and Mumford, D.},
  title =	 {A stochastic grammar of images},
  journal =	 {Foundations and Trends in Computer Graphics and Vision},
  volume =	 2,
  number =	 4,
  year =	 2006,
  issn =	 {1572-2740},
  pages =	 {259-362},
  publisher =	 {Now Publishers Inc.},
  address =	 {Hanover, MA, USA},
}

@inproceedings{Zhu2007,
  Xauthor =	 {Long Leo Zhu and Yuanhao Chen and Alan Yuille},
  author =	 {L. L. Zhu and Y. Chen and A. Yuille},
  title =	 {Unsupervised Learning of a Probabilistic Grammar for
		  Object Detection and Parsing},
  booktitle =	 {Advances in Neural Information Processing Systems 19},
  year =	 2007,
  publisher =	 {MIT Press}
}

@inproceedings{Heitz2008,
  Xauthor =	 {Heitz, Geremy and Koller, Daphne},
  author =	 {Heitz, G. and Koller, D.},
  title =	 {Learning Spatial Context: Using Stuff to Find
		  Things},
  booktitle =	 {Proceedings of the Tenth European
		  Conference on Computer Vision},
  year =	 2008,
  isbn =	 {978-3-540-88681-5},
  pages =	 {30-43},
  location =	 {Marseille},
  publisher =	 {Springer-Verlag},
  address =	 {Berlin, Heidelberg},
}

@inproceedings{bohg2011,
  title={Mind the gap - robotic grasping under incomplete observation},
  author={Bohg, J. and Johnson-Roberson, M. and Le{\'o}n, B. and Felip, J. and Gratal, X. and Bergstrom, N. and Kragic, D. and Morales, A.},
  booktitle=ICRA,
  pages={686-693},
  year={2011},
  publisher={IEEE Press}
}

@inproceedings{moesenlechner11,
  author    = {Lorenz M{\"o}senlechner and Michael Beetz},
  title     = {Parameterizing Actions to have the Appropriate Effects},
  booktitle = {Proceedings of the IEEE/RSJ International Conference on Intelligent Robots and Systems},
  month = sep,
  location = {San Francisco, CA},
 publisher = {IEEE Press},
  year      = 2011
}

@article{hobbs1993,
  title={Interpretation as abduction},
  author={Hobbs, J.R. and Stickel, M.E. and Appelt, D.E. and Martin, P.},
  journal={Artificial Intelligence},
  volume={63},
  number={1},
  pages={69--142},
  year={1993},
  publisher={Elsevier}
}

@TECHREPORT{Moore1982,
  AUTHOR={Moore, Robert C.},
  TITLE={The Role Of Logic In Knowledge Representation and Commonsense Reasoning},
  ADDRESS={Menlo Park, CA},
  INSTITUTION={SRI International},
  MONTH={Jun},
  NUMBER={264},
  YEAR={1982},
}

@inproceedings{Rao1991,
  author    = {Anand S. Rao and Michael P. Georgeff},
  title     = {{Modeling rational agents within a BDI-architecture}},
  booktitle = {Proceedings of the $2^{nd}$ International Conference on Princ.
               of Knowl. Rep. and Reason.},
  year      = {1991},
  pages     = {473-84},
  publisher = {Morgan-Kaufmann},
  address = {MA},
}

@Article{Cohen1990,
author = "P. R. Cohen and H. J. Levesque",
title = "Intention is choice with commitment",
journal = "Artificial Intelligence",
volume = "42",
number = "(2--3)",
pages = "213--361",
year = "1990",
}

@incollection{bratman1990,
  added-at = {2009-06-01T13:39:05.000+0200},
  author = {Bratman, M. E.},
  booktitle = {Intentions in Communication},
  editor = {Cohen, P. R. and Morgan, J. and Pollack, M. E.},
  pages = {15-32},
  publisher = {MIT Press},
  address = {Cambridge, MA},
  title = {What is intention?},
  year = 1990
}

@ARTICLE{Bratman1988,
  AUTHOR={Bratman, M. E. and Israel, D. J. and Pollack, M. E.},
  TITLE={Plans and Resource-Bounded Practical Reasoning},
  JOURNAL={Computational Intelligence},
  PAGES={349-355},
  NUMBER={4},
  VOLUME={4},
  YEAR={1988}
}

% -------------------------------------------------------------------------------
% cvpr2013
% -------------------------------------------------------------------------------
@inproceedings{Kitani_2012_7250,
   author = {Kris Kitani and Brian D. Ziebart and J. Andrew (Drew) Bagnell and Martial Hebert},
   title = {Activity Forecasting},
   booktitle = {ECCV},
   pages = {201--214},
   year = {2012}
}

@InProceedings{ActionsAsSpaceTimeShapes_iccv05,
	author	= {M. Blank and L. Gorelick and E. Shechtman and M. Irani and R. Basri},
  	title 	= {Actions as Space-Time Shapes},
 	booktitle = {ICCV},
  	pages 	= {1395--1402},
 	year = 2005
}

@InProceedings{DollarVSPETS05cuboids,
	author = {P. Doll\'ar and V. Rabaud and G. Cottrell and S. Belongie},
	title = {Behavior Recognition via Sparse Spatio-Temporal Features},
	booktitle = {International Workshop on Visual Surveillance and Performance Evaluation of Tracking and Surveillance},
	pages = {65--72},
	year = 2005
}

@article{lifeifei2008,
	author = {J. Niebles and H. Wang and Fei-Fei Li},
	title = {Unsupervised Learning of Human Action Categories Using Spatial-Temporal Words},
	journal = {IJCV},
	volume = {79},
	number = {3},
	year = {2008},
	pages = {299--318},
	publisher = {Kluwer Academic Publishers}
}

@InProceedings{christian2004,
	author = {C. Schuldt and I. Laptev and B. Caputo},
	title = {Recognizing human actions: A local SVM approach},
	booktitle = {ICPR},
	pages = {32--36},
	year = 2004
}

@InProceedings{Ryoo2009,
	author = {M. S. Ryoo and J. K. Aggarwal},
	title = {Spatio-Temporal Relationship Match: Video Structure Comparison for Recognition of Complex Human Activities},
	booktitle = {ICCV},
	pages = {1593--1600},
	year = 2009
}

@InProceedings{Ryoo2011,
	author = {M. S. Ryoo},
	title = {Human Activity Prediction: {E}arly Recognition of Ongoing Activities from Streaming Videos},
	booktitle = {ICCV},
	pages = {1036--1043},
	year = 2011
}

@InProceedings{Waltisberg_variationsof,
	author = {D. Waltisberg and A. Yao and J. Gall and L. V. Gool},
	title = {Variations of a Hough-Voting Action Recognition System},
	booktitle = {ICPR},
	year = 2010
}

@InProceedings{Tsz-Ho2010,
	author = {T. Yu and T. Kim and R. Cipolla},
	title = {Real-time Action Recognition by Spatiotemporal Semantic and Structural Forest},
	booktitle = {BMVC},
	pages = {52.1--52.12},
	year = 2010
}

@article{SIFT2004,
	author = {D. G. Lowe},
	title = {Distinctive Image Features from Scale-Invariant Keypoints},
	journal = {IJCV},
	volume = {60},
	number = {2},
	year = {2004},
	pages = {91--110}
}

@InProceedings{HOG2005,
    author = {N. Dalal and B. Triggs},
    title = {Histograms of Oriented Gradients for Human Detection},
    booktitle = {CVPR},
    pages = {886--893},
	year = 2005
}

@InProceedings{STIP2008,
	author = {I. Laptev and M. Marszalek and C. Schmid and B. Rozenfeld},
	title = {Learning Realistic Human Actions from Movies},
	booktitle = {CVPR},
	pages = {1--8},
	year = 2008
}


@InProceedings{Laptev03space-timeinterest,
    author = {I. Laptev and T. Lindeberg},
    title = {Space-time Interest Points},
    booktitle = {ICCV},
    year = {2003},
    pages = {432--439}
}

@InProceedings{GeertECCV2008,
	author = {G. Willems and T. Tuytelaars and L. Gool},
    title = {An Efficient Dense and Scale-Invariant Spatio-Temporal Interest Point Detector},
    booktitle = {ECCV},
    year = {2008},
    pages = {650--663}
}

@InProceedings{Shu-FaiICCV2007,
	author = {S. Wong and R. Cipolla},
    title = {Extracting Spatiotemporal Interest Points using Global Information},
    booktitle = {ICCV},
    pages = {1--8},
    year = {2007}
}

@article{sparsecoding,
	author = {J. Wright and A. Y. Yang and A. Ganesh and S. S. Sastry and Y. Ma},
	title = {Robust Face Recognition via Sparse Representation},
	journal = {TPAMI},
	volume = {31},
	number = {2},
	pages = {210--227},
	year = 2009
}

@misc{UT-Interaction-Data,
      author = {M. S. Ryoo and J. K. Aggarwal},
      title = {{UT}-{I}nteraction {D}ataset, {ICPR} contest on {S}emantic {D}escription of {H}uman {A}ctivities ({SDHA})},
      year = {2010},
      howpublished = {http://cvrc.ece.utexas.edu/SDHA2010/Human\_Interaction.html}
}

@misc{Darpa-dataset,
	author = {{DARPA}},
	title = {Video {D}ataset from {DARPA} {M}ind's {E}ye {P}rogram},
	year = {2011},
	howpublished = {http:// www.visint.org}
}

@misc{L1benchmark,
	author = {A. Y. Yang and A. Ganesh and Z. Zhou and A. Wagner and V. Shia and S. Sastry and Y. Ma},
	title = {L-1 {B}enchmark Package},
	howpublished = {http://www.eecs.berkeley.edu/ $\sim$yang/software/l1benchmark/l1benchmark.zip}
}

@misc{l1magic,
	author = {E. Cand\'es and J. Romberg},
	title = {L-1 Magic Package},
	howpublished = {http://users.ece. gatech.edu/$\sim$justin/l1magic/downloads/l1magic-1.11.zip}
}

@InProceedings{Klaser_aspatio-temporal,
    author = {A. Kl{\"{a}}ser and M. Marsza{\l}ek and C. Schmid},
    title = {A spatio-temporal descriptor based on 3{D}-gradients},
    booktitle = {BMVC},
    pages = {99.1-99.10},
    year = {2008}
}

@InProceedings{Scovanner07icm,
  author = {P. Scovanner and S. Ali and M. Shah},
  booktitle = {Proceedings of the 15th International Conference on Multimedia},
  pages = {357--360},
  title = {A 3-{D}imensional {SIFT} Descriptor and Its Application to Action Recognition},
  year = {2007}
}

% HMDB : C2 CODE
@INPROCEEDINGS{Jhuang07abiologically,
    author = {Hueihan Jhuang and Thomas Serre and Lior Wolf and Tomaso Poggio},
    title = {A biologically inspired system for action recognition},
    booktitle = {ICCV},
    year = {2007},
    pages = {1--8}
}

% HMDB : STIP CODE
@INPROCEEDINGS{laptev2008STIP,
    author = {Ivan Laptev and Marcin Marszalek and Cordelia Schmid and Benjamin Rozenfeld},
    title = {Learning realistic human actions from movies},
    booktitle = {CVPR},
    year = {2008},
    pages = {1--8}
}

% MMED
@INPROCEEDINGS{MMED2012,
	author = {Minh Hoai and Fernando {De la Torre}},
	booktitle = {CVPR},
	title = {Max-Margin Early Event Detectors},
	year = {2012},
	pages = {2863--2870}
}

@incollection{gu2011linear,
  title={Linear discriminant dimensionality reduction},
  author={Gu, Quanquan and Li, Zhenhui and Han, Jiawei},
  booktitle={European conference on machine learning and knowledge discovery in databases},
  pages={549--564},
  year={2011},
  publisher={Springer}
}

@article{barbu2013videoSearch,
  author={Andrei Barbu, N. Siddharth, Jeffrey Mark Siskind},
  title={Saying what you're looking for: linguistics meets video search},
  journal={Computing Research Repository},
  volume={abs/1309.5174},
  year=2013,
  ee={http://arxiv.org/abs/1309.5174}}

@article{barbu2013compositionality,
  author={Andrei Barbu and N. Siddharth and Caiming Xiong and Jason J. Corso and Christiane D. Fellbaum and Catherine Hanson and Stephen Jose Hason and Sebastien Helie and Evguenia Malaia and Barak A. Pearlmutter and Jeffrey Mark Siskind and Thomas Michael Talavage and Ronnie B. Wilbur},
  title={The compositional nature of verb and argument representations in the human brain},
  journal={Computing Research Repository},
  volume={abs/1306.2293},
  year={2013},
  ee={http://arxiv.org/abs/1306.2293}}

@article{siddharth2013activityRecognition,
  author={N. Siddharth and Andrei Barbu and Jeffrey Mark Siskind},
  title={Seeing What You're Told: Sentence-Guided Activity Recognition In Video},
  journal={Computing Research Repository},
  volume={abs/1308.4189},
  year={2013},
  ee={http://arxiv.org/abs/1308.4189}}